3192 5138
356 609 420 674 266
508 607 595 672 1210
621 604 1267 688 AucTouE,s11PPLEMENTn

400 737 568 802 Fluctibus
581 749 754 824 auguratum
767 755 857 800 sese:
874 735 920 800 sic
933 735 981 800 ire
993 735 1110 800 licebit
1186 745 1190 754 '

401 855 433 918 ls
450 867 565 940 portus
582 850 642 938 qui
656 849 798 914 divinam
815 847 989 938 Pelopeide
1003 861 1121 916 terram

400 965 534 1063 Dirigit,
550 963 690 1029 excelsas
705 961 790 1030 ultra
805 964 910 1028 Cretas
928 962 1051 1028 eminet
1064 985 1147 1028 oras.

398 1066 548 1146 'Pendere
564 1079 592 1144 si
609 1079 643 1144 in
662 1077 813 1144 dextrum
829 1077 927 1142 libeat
943 1078 1044 1160 latua,
1062 1077 1150 1144 unda
1170 1094 1321 1170 vagantes

399 1194 566 1276 includet,
588 1194 786 1284 pelagusque
804 1209 934 1258 tumens
953 1193 1103 1260 iurabi&
1119 1191 1226 1258 undae.
1382 1217 1420 1258 sss

400 1309 540 1394 Quodsi
556 1309 629 1398 quis'
645 1307 772 1374 modice
789 1305 944 1390 declinet,
957 1305 1061 1372 limite
1075 1321 1166 1372 recto

399 1419 523 1512 Puppis
541 1422 709 1488 inoll'emis
724 1421 863 1488 sulcabit
877 1421 992 1486 carnale
1007 1421 1097 1488 velis.

399 1539 522 1602 Verum
537 1536 639 1626 agite,
656 1535 790 1618 heroes,
813 1537 976 1626 agilesque
992 1535 1173 1602 incumbite
1189 1537 1310 1602 remis:

400 1655 474 1718 Fata
488 1653 592 1734 mam,
613 1665 793 1740 portusque
811 1649 953 1733 dabunt,
973 1652 1136 1741 vestrique
1152 1651 1312 1716 labores.-

440 1768 517 1832 llaec
533 1766 591 1832 ubi
607 1765 692 1830 dicta
707 1762 814 1847 dedit,
829 1765 939 1830 cuncti
955 1767 990 1830 in
1006 1789 1064 1832 sua
1080 1782 1219 1832 transtra
1237 1764 1406 1831 recederat.

399 1880 544 1946 Pandere
560 1881 628 1946 vela
642 1880 751 1962 juvat,
766 1880 936 1970 tonsisque
952 1881 1049 1947 ferire
1062 1880 1225 1970 paludem.
1380 1899 1422 1938 ⁶0⁶

398 1995 525 2060 Tritoni
541 1993 707 2083 pecudum
724 1995 894 2061 lectissima
910 2019 1047 2085 corpora
1062 2011 1199 2078 mactat,

401 2111 442 2174 Et
455 2132 585 2175 carmen
602 2110 746 2174 solemne
762 2133 881 2176 canens
897 2111 1032 2176 vittatus
1045 2113 1161 2192 Iason,

399 2223 541 2287 Numina
555 2239 673 2286 cuncta
688 2223 784 2288 maris
800 2223 951 2312 precibus
967 2240 1078 2313 rogat,
1098 2241 1196 2313 atque
1212 2223 1255 2288 ita
1272 2223 1377 2288 latur:

441 2367 454 2392 ι
465 2335 547 2400 Diva
560 2336 670 2425 palus,
686 2359 841 2425 sacraque
855 2336 936 2402 deus
952 2337 1008 2426 qui
1024 2335 1114 2424 degis
1128 2333 1283 2415 munda,
1383 2351 1422 2390 ⁶10

398 2449 531 2516 Finibus
549 2450 600 2516 his
617 2452 675 2538 qui
689 2467 815 2516 ostenta
833 2451 913 2516 mihi
930 2451 1097 2516 manifesta
1113 2447 1247 2530 dedisti,

400 2567 473 2632 Sive
491 2581 581 2631 tenes
598 2566 702 2656 pelagi
716 2567 787 2632 loca
798 2567 932 2647 Triton,
952 2565 1059 2630 incola
1072 2563 1224 2652 Phorcyn

399 2679 464 2742 Seu
480 2695 593 2760 vocat,
609 2695 666 2744 aut
681 2679 786 2769 pelagi
801 2680 964 2745 celebrant
980 2695 1013 2744 te
1030 2678 1133 2743 Nerea
1147 2676 1327 2766 Nymphae,

400 2791 449 2856 Sis
463 2791 626 2880 placidus,
637 2792 736 2860 linem
748 2809 910 2876 statuens,
928 2809 1111 2880 metamque
1128 2791 1266 2856 labori».

442 2905 548 2987 Dixit,
567 2923 599 2970 et
617 2907 648 2970 in
667 2906 787 2974 medias
803 2923 945 2972 mactate
960 2906 1092 2996 porricit
1106 2904 1210 2972 undss
1382 2926 1423 2964 ⁶1⁵

398 3019 519 3083 Guttur
531 3021 600 3084 ovis
614 3021 734 3086 feriens
747 3023 849 3112 puppi
863 3043 997 3086 securus
1011 3020 1052 3085 ab
1065 3021 1139 3084 alta.

396 3131 561 3196 Continuo
578 3150 710 3222 apparet
728 3135 836 3224 magni
852 3159 912 3223 per
924 3135 1022 3198 inane
1035 3130 1238 3222 profundum
1365 3121 1369 3134 ’

398 3245 527 3336 Effigies
545 3249 728 3314 veneranda
744 3247 814 3332 dei,
831 3250 927 3340 longe
942 3271 1073 3338 requora
1086 3271 1229 3316 verrens.

399 3359 476 3423 Non
495 3383 588 3426 secus
606 3385 643 3426 ac
661 3363 688 3428 si
706 3362 839 3451 quando
855 3364 950 3429 orbes
966 3386 1025 3452 per
1037 3363 1151 3452 agonis
1167 3379 1317 3428 ovantem

397 3474 567 3540 Thessalus
585 3477 650 3566 egit
666 3499 808 3565 equum,
825 3476 964 3567 pedibus
978 3501 1013 3543 se
1031 3477 1132 3558 tollit,
1153 3477 1324 3542 honestam
1381 3495 1421 3534 ⁶2⁰

396 3590 595 3656 Concutiens
610 3593 734 3657 cervice
747 3593 878 3675 jubam,
894 3592 1044 3681 saltuque
1059 3590 1184 3655 volucri

396 3704 538 3787 Emicat,
557 3707 749 3795 intorquens
767 3707 889 3776 alterna
908 3707 1073 3771 volumina
1089 3727 1246 3786 crurum3

397 3818 555 3884 Dictantis
571 3819 696 3884 domini
715 3837 822 3888 tamen
839 3819 939 3886 ardua
957 3821 1044 3901 jussa
1063 3803 1211 3908 capessit.

397 3934 539 3998 Ulterius
553 3934 744 4002 moderator
754 3937 840 4028 agit:
865 3936 910 4000 sic
920 3934 1058 4002 Palladis
1074 3937 1159 4024 Argo

397 4048 505 4112 Heleia
521 4051 699 4140 conipiens
714 4051 846 4132 Triton,
862 4052 914 4115 cui
928 4052 1047 4116 vertice
1063 4073 1193 4116 summo
1385 4067 1423 4105 ⁶2⁵

397 4162 438 4224 Et
447 4187 480 4226 ca
484 4180 666 4252 put,atque
673 4165 840 4247 humeros,
851 4164 1053 4253 cinctusque,
1061 4165 1234 4251 alvumque
1246 4163 1309 4227 suls
1322 4163 1421 4250 ipsam

397 4275 543 4356 Majestas
561 4295 678 4344 aeterna
693 4280 816 4345 micans
833 4277 882 4344 dis
897 4279 1038 4344 reddidit
1053 4301 1194 4368 aequum.
