3124 5132
396 605 789 671 ARGONAUTIGON
812 604 903 672 ΜΒ.
927 603 988 667 VI.
1179 600 1220 666 nd

247 736 431 800 Processere
443 735 544 802 Melas
557 747 591 802 et
604 734 837 817 Hidnsmeuus3
853 733 967 821 incipit
978 733 1070 798 hasta

205 853 286 914 Ante
296 849 414 933 Melas,
428 850 508 916 levis
519 863 569 914 ast
579 849 668 914 abies
681 850 777 914 elusit
788 858 975 937 utrumque.

204 964 340 1029 Ensibus
353 963 432 1029 inde
443 979 564 1048 ruunt3
579 963 669 1053 prior
680 975 817 1051 occupat
829 981 891 1039 mre
906 963 1005 1028 citato

204 1079 337 1145 Cassidis
350 1081 416 1144 ima
428 1076 547 1164 Melam
560 1079 694 1144 infructu
707 1091 755 1142 est
766 1079 899 1144 vulnere
913 1080 1028 1144 cervix.

203 1195 298 1260 Mixta
312 1195 398 1284 perit
412 1195 531 1260 virtut:
550 1195 651 1258 nescit
663 1195 717 1258 cui
730 1193 847 1258 debeat
860 1194 1026 1275 OEbreus‚

202 1312 266 1374 Aut
278 1309 333 1374 cui
349 1308 413 1373 iata
425 1304 537 1398 Tyres.
555 1309 643 1372 Dum
659 1307 750 1372 sibila
766 1306 895 1396 respicit
907 1307 982 1370 Iron

201 1423 350 1512 cuspidis
363 1423 506 1512 Argivas,
523 1423 644 1510 Pyliam
660 1421 757 1486 latere
768 1420 884 1510 accipit
896 1421 1031 1485 hastam.

242 1536 374 1602 Viderat
392 1537 560 1626 Hyrcanos
577 1536 710 1625 paribus
728 1535 908 1600 discurrere
926 1537 1038 1600 francs

202 1653 437 1740 meroreque,
452 1659 545 1740 pater
560 1665 707 1716 armento
723 1671 805 1739 quos
818 1649 908 1715 dives
924 1649 965 1714 ab
978 1652 1070 1714 omni

203 1767 385 1849 Nun-ierat,
403 1766 540 1854 indeque
555 1766 639 1830 viam
656 1775 850 1830 monstrent
866 1766 997 1852 iniquis.
1184 1783 1219 1822 ωε

201 1883 283 1946 Tum
296 1882 397 1970 magis
409 1896 509 1970 atque
521 1879 621 1970 magis
633 1877 773 1968 peditem
790 1877 931 1944 candore
946 1893 1059 1943 notato

199 1995 406 2085 Tyndariden
424 1993 571 2060 incendit
586 2011 696 2076 nmor3
713 1993 810 2059 simui
823 1994 938 2059 obvius
953 1995 1074 2058 hastam

200 2115 314 2178 Pectus
326 2113 361 2176 in
375 2110 544 2176 adversum
557 2113 642 2176 Gelae
651 2111 727 2190 jacit
740 2109 963 2199 alipedemque
975 2135 983 2191 ;

201 2229 352 2294 Constitit
363 2249 497 2294 excusso
512 2228 613 2292 victor
626 2226 726 2291 duces
740 2227 809 2293 risit
820 2227 861 2290 ab
874 2226 935 2290 uita

198 2344 293 2408 Nube
303 2359 409 2433 pater,
420 2343 610 2431 prensisque
624 2341 767 2430 equitem
782 2343 934 2431 cognovit
945 2342 1089 2408 habenis.
1182 2373 1218 2398 no

189 2523 238 2584 mu
253 2519 491 2569 nouandarum.
503 2516 576 2566 istie.
589 2525 612 2565 et
621 2521 711 2565 Βοιιοιι.
722 2519 793 2564 codd.
805 2521 893 2566 Bcnon.
910 2521 929 2566 i.
940 2520 1017 2566 Melas
1027 2529 1049 2566 et
1060 2517 1216 2568 Fidersmenur.

159 2603 218 2648 lunt.
228 2599 282 2648 did.
298 2627 327 2638 -
347 2613 400 2648 acc.
414 2599 591 2668 ticinensium.
609 2599 662 2646 cod.
679 2609 703 2645 et
718 2599 772 2646 edd.
788 2605 842 2645 ante
858 2601 923 2647 Csrr.
939 2599 1046 2647 Otcdetts.
1061 2601 1150 2648 bonon
1162 2600 1216 2647 cod.

159 2707 187 2716 -
201 2695 254 2741 207.
272 2679 441 2727 Ummidii&
458 2689 482 2726 ct
498 2679 587 2726 Boncn.
605 2678 675 2726 codd.
693 2705 723 2714 -
741 2677 794 2726 ποῦ.
812 2680 907 2725 cloacis.
920 2679 995 2726 vatic.
1015 2687 1038 2725 et
1054 2681 1130 2726 iiurm.
1147 2679 1218 2725 codd.

158 2761 232 2806 Subito
240 2761 311 2823 jacet.
323 2761 412 2806 bnon.
428 2758 555 2806 caditat.
568 2757 621 2804 did.
630 2757 783 2820 Sabimjrcit.
801 2759 892 2803 Boron.
904 2758 916 2801 1
931 2765 956 2803 ct
970 2759 1001 2804 ΙΙ.
1017 2759 1103 2803 Mrem.
1119 2759 1218 2819 Engcnt.

160 2838 332 2901 ercanrjoeis.
344 2839 409 2886 Cur.
424 2839 453 2884 In
469 2837 632 2900 oiipedemqsse.
644 2837 734 2882 Boucn.
748 2837 767 2882 1.
781 2834 877 2898 Alipeds
893 2836 969 2898 inque.
983 2835 1072 2882 Bcncn.
1088 2835 1123 2880 lt.
1135 2837 1177 2882 Ec.

191 3000 664 3076 196.dleias,iiliusPhryxi,V‚4bs‚
746 3007 807 3064 aod.
822 3001 989 3054 Burmannus
1003 3002 1091 3074 jungit
1108 3005 1173 3054 dives
1187 3006 1218 3053 ab

155 3093 178 3136 ct
195 3087 368 3136 Ilidasmenus.
390 3085 458 3135 Iaevis
482 3085 563 3146 abies,
587 3081 664 3134 basta
709 3096 832 3142 omento,
845 3081 864 3132 i.
879 3099 903 3134 e.
914 3080 1041 3146 armenti,
1055 3099 1216 3152 quamquam

156 3163 243 3231 (coni.
251 3183 280 3216 v.
293 3163 361 3230 236)
371 3199 380 3228 ,
390 3165 608 3230 elusitutmmqne,
620 3161 664 3214 ab·
708 3158 836 3214 rariorem
846 3159 924 3212 istam
933 3159 1154 3213 constructionem
1164 3160 1217 3231 ipse

154 3241 267 3305 erravit,
280 3251 375 3294 neuter
388 3239 490 3293 hostem
504 3239 582 3293 feriit.
596 3243 665 3293 Pn'cr
707 3239 810 3292 fatetur.
819 3237 912 3291 Meiinr
925 3239 1008 3310 igitur
1017 3237 1065 3290 Pio
1074 3237 1216 3303 accedere,

156 3335 314 3389 computare
327 3323 401 3372 citato
408 3357 416 3380 ,
430 3337 491 3374 ense
502 3318 663 3392 promptior,
706 3318 752 3392 qui
765 3317 901 3390 conjungit
918 3319 1037 3369 accierat
1051 3321 1084 3368 ab
1096 3320 1164 3370 omni
1175 3337 1216 3368 cr-

153 3403 256 3452 cassidis
279 3403 345 3460 imo,
367 3397 485 3452 infimam
506 3397 608 3470 galeam
628 3396 663 3450 nd
707 3411 805 3460 mecm,
816 3398 873 3451 scil.
888 3407 1022 3469 reparmos
1036 3393 1071 3449 ad
1082 3397 1215 3458 militiam,

151 3478 323 3551 occipitium,
337 3479 428 3531 Melas.
707 3477 750 3529 cui
768 3475 933 3549 explicationi
950 3490 977 3530 et
993 3478 1021 3530 ri
1035 3479 1102 3526 omni
1114 3475 1216 3528 videtur

189 3561 343 3612 conmixta
351 3557 514 3626 posituim,
529 3555 663 3608 fortissimi
707 3557 813 3620 favere,
833 3565 859 3609 et
885 3567 944 3629 quc
970 3566 1134 3627 sequamur:
1151 3557 1217 3623 satis

152 3655 182 3689 ex
193 3649 305 3710 utmqne
314 3647 389 3708 parte
396 3635 551 3700 cadonum
561 3645 665 3699 temeri,
706 3640 775 3687 sr'am
787 3636 1047 3701 monstraratiniquis.
1063 3653 1095 3686 cc
1103 3633 1160 3705 ipso
1171 3633 1217 3686 bo·

153 3728 184 3768 ut
200 3716 368 3788 siugnlcmm
388 3716 457 3768 iacta
479 3729 533 3766 uon
556 3727 661 3786 possent
705 3714 805 3766 nisiliis
816 3713 993 3774 animalibus,
1006 3711 1044 3764 nii
1054 3709 1217 3766 talemeren-

153 3791 270 3867 dignosci
280 3812 337 3868 prce
349 3794 424 3847 tnrba
439 3805 464 3847 et
475 3793 588 3846 tumultu
601 3834 608 3859 ,
623 3794 662 3846 uti
706 3793 776 3845 tibus
788 3833 795 3858 ,
806 3791 873 3844 male
883 3792 1057 3845 consuluerat.

154 3875 340 3946 recteexpcnit
348 3874 525 3927 Burmannus.
742 3871 902 3924 robsastcr
911 3871 991 3942 igitur
1001 3873 1110 3922 candore
1119 3881 1211 3930 notato,

189 3969 249 4006 sot.
263 3957 327 4006 Dum
342 3955 413 4004 sitite
428 3955 524 4020 respicit
539 3955 658 4022 cuspidis,
705 3949 766 4024 equi
783 3951 853 4003 enim
870 3950 912 4004 isti
928 3949 981 4010 albi
997 3958 1085 4008 erant,
1098 3947 1215 4020 ejusdem

153 4050 201 4103 per
226 4051 284 4086 sera
309 4031 479 4086 adicientem
501 4051 564 4086 curn
583 4031 660 4085 sibilo
704 4032 785 4102 igitur
802 4030 914 4094 coloris,
930 4049 984 4102 quo
1000 4027 1120 4100 Cyllarus
1134 4043 1218 4090 suus,

154 4111 265 4165 hastam.
703 4127 783 4182 quem
795 4109 866 4163 domi
878 4108 1020 4180 reliquerat
1031 4144 1040 4170 ‚
1051 4105 1082 4172 1,
1094 4107 1145 4169 iad
1154 4145 1162 4172 ,
1172 4123 1215 4158 ar-

190 4191 313 4246 aci-ard.
328 4191 380 4244 Res
390 4209 407 4244 a
420 4195 518 4243 Castore
535 4189 660 4244 adversus
704 4187 749 4242 det
759 4189 790 4240 iis
800 4187 887 4261 potiri.

156 4273 239 4322 (ὶεὶωιι
248 4275 404 4323 susurrem
417 4281 494 4342 gestae
506 4277 661 4324 enarrantur
742 4287 799 4338 ²⁰7·
811 4264 880 4318 Vide
894 4264 928 4318 ad
943 4262 1040 4318 mirem
1058 4265 1138 4340 hujus
1153 4265 1212 4318 libri

155 4347 294 4404 admodum
307 4347 434 4422 jucunde.
707 4359 760 4400 not.
773 4365 831 4416 ²07·
844 4345 893 4398 Eu.
