3150 5126
188 555 1247 584 mmmmmmmmmmmmwm

503 753 1001 980 ostrum⁸

282 1089 284 1094 ’
327 1089 1100 1302 ancorarum.

449 1489 497 1540 ⁵-
510 1513 963 1551 ---...-000-.......-

227 1758 285 1908 O
312 1793 375 1878 nex
394 1829 426 1876 et
442 1827 529 1876 vates
547 1811 706 1900 Pythonis
726 1811 865 1874 maxime
881 1809 1049 1897 princeps,

223 1927 349 2015 Cuique
365 1947 452 1990 sacra
469 1941 518 1989 est
534 1945 700 1988 summum
719 1923 869 1988 Parnasia
883 1937 973 2010 petra
992 1945 1167 2006 cacumen,

222 2039 383 2106 Virtutem
400 2061 499 2120 cano,
515 2037 652 2121 Phoebe,
669 2053 759 2104 tuam
773 2061 781 2102 ι
794 2054 832 2101 tu
848 2037 979 2125 prmmia
997 2037 1107 2115 famae,

221 2153 469 2243 Veridicamque
482 2154 563 2220 mihi
579 2169 650 2218 toto
667 2153 707 2218 da
724 2169 857 2241 pectore
869 2175 1000 2234 vocent,

222 2267 266 2330 Ut
281 2283 409 2332 teneam
425 2265 513 2332 dulci
530 2268 674 2332 mortalia
690 2283 822 2355 pectora
840 2283 958 2346 cantu,
1239 2292 1249 2326 ,ι

222 2380 333 2462 Quum
346 2381 484 2462 jubeant
501 2361 604 2469 plenis
618 2383 720 2446 Musae
738 2404 791 2446 me
806 2382 947 2446 scribere
961 2381 1089 2448 chartis.

222 2497 304 2560 Natu
321 2498 421 2580 mihi,
440 2498 562 2562 Phoebe
576 2513 678 2586 pater,
694 2498 824 2561 citharae
840 2513 988 2586 pergrata
1004 2520 1104 2562 canen
1111 2499 1133 2562 ti

221 2611 428 2678 Carminibus
446 2612 556 2700 flagrat
573 2633 665 2674 mens
682 2611 851 2694 (nondum
869 2610 953 2676 diota
969 2612 1089 2676 referre

223 2726 366 2814 Tempus
386 2727 494 2790 adhuc
512 2727 625 2814 ullis),
644 2741 681 2788 ut
699 2748 803 2813 quum
819 2725 1001 2812 Bacchique
1018 2726 1131 2812 tuique

227 2837 404 2903 Percussus
421 2840 575 2914 stimulis,
588 2839 752 2904 horrentia
769 2840 831 2904 tela
848 2840 1020 2920 canebam,

223 2951 371 3040 Quaeque
387 2954 500 3033 juvent
518 2955 686 3032 homines,
707 2971 739 3017 et
755 2977 827 3041 quae
842 2953 993 3041 mysteria
1010 2957 1113 3042 genti,

223 3067 291 3131 Nec
305 3089 373 3130 non
387 3069 489 3155 prima
506 3068 606 3132 chaus
622 3069 747 3155 antiqui
759 3068 912 3156 ,urgentia
927 3069 1011 3147 i'ata;

222 3180 348 3246 Deinde
363 3204 421 3268 per
438 3185 624 3247 innumeras
639 3184 769 3248 Saturni
785 3185 908 3246 semine
921 3184 1003 3246 vires

221 3293 371 3376 AEthera,
390 3313 423 3359 et
439 3297 621 3378 excelsum,
638 3297 758 3384 duplex
775 3298 828 3360 cui
844 3295 956 3377 robur,
974 3317 1135 3377 amorem,

222 3389 352 3498 Quiqu'e
366 3409 520 3499 frequens
532 3413 647 3499 genitu
662 3428 711 3475 est
727 3412 832 3475 noctis
847 3427 936 3498 pater
949 3411 1099 3498 inclytus,
1113 3409 1200 3474 hune
1212 3432 1245 3472 se

221 3523 321 3606 Quod
334 3524 424 3613 prior
440 3525 583 3589 ostendit
603 3526 705 3592 nostri
718 3523 826 3589 dixere
842 3525 1003 3604 Phaneta3

221 3640 315 3703 Unde
329 3655 446 3728 potens
464 3639 564 3704 fluctu
581 3641 690 3722 tellus;
710 3656 743 3703 et
760 3639 842 3703 bella
861 3639 1036 3728 Gigantum

220 3754 340 3843 Impia,
356 3756 412 3842 qui
430 3757 463 3819 in
479 3778 614 3844 superos
627 3755 728 3819 aciem
743 3771 890 3819 struxere
909 3753 1100 3818 nefandam:

218 3868 266 3932 Ex
284 3868 361 3956 ipsis
379 3868 553 3934 hominum
572 3870 716 3934 mortalis
732 3887 840 3935 manat
856 3870 966 3957 origo,

218 3982 389 4046 Immensae
406 3982 563 4048 claudunt
582 4000 747 4073 quotquot
762 3983 901 4049 confinia
918 3999 1028 4061 tcmae3

218 4095 440 4185 Divinumque
455 4097 541 4174 Iovis
558 4098 701 4178 cultum,
721 4099 910 4185 latriamque
927 4094 1069 4183 parentis

220 4210 383 4276 Montanae
400 4212 554 4300 Cybeles,
578 4234 716 4301 quaeque
735 4214 787 4277 itta
805 4215 838 4276 in
859 4209 1027 4276 montibus
1047 4208 1125 4274 olim
