3192 5138
406 551 535 618 novt
564 551 812 621 EDlTORlS
842 554 1003 622 NOTAE.
1173 579 1237 644 217

171 666 268 722 lerum
280 666 347 720 latus
361 665 432 732 dici,
446 665 520 738 quod
537 665 746 738 ingredientibus
757 669 872 722 Pontum
885 686 933 740 per
945 665 1114 739 Bosphorum
1127 679 1183 721 erat
1195 669 1239 721 lat-

170 766 235 802 rum
245 787 254 814 ,
263 761 295 803 ut
305 749 390 803 luerat
400 769 492 803 revera
503 749 590 822 prima
604 749 833 832 navigationmlta
843 751 940 806 centies
949 749 1062 806 Ovidius
1071 750 1100 806 itt
1109 751 1240 808 Tristibus

171 845 198 887 et
206 852 239 888 ex
250 839 345 900 Ponto,
357 836 481 886 sinuarat
490 843 516 886 et
524 837 609 885 hrum
618 833 731 887 Pontum
740 832 815 888 dicit.

205 963 583 1034 Vibo
593 1000 689 1018 ......
703 968 899 1034 indesequemur

314 1050 394 1118 Ipsius
407 1050 486 1099 uutt's
501 1047 555 1110 iter,
569 1049 647 1099 donea
656 1051 812 1121 nosflumins
822 1064 888 1102 certo

314 1131 439 1201 Persem,
451 1133 524 1200 inqua
534 1133 607 1182 alittd
615 1134 706 1208 reddat
715 1151 793 1184 snare.

173 1239 216 1295 Sic
227 1239 402 1312 Wagneras:
416 1264 430 1286 ι
439 1238 557 1293 llamani
567 1239 611 1293 hic
624 1239 697 1294 aliud
710 1240 808 1296 accidit
820 1241 946 1306 Valeriot
960 1239 1022 1294 ride
1032 1242 1191 1297 Dorvilliurn
1206 1241 1242 1297 ad

174 1324 309 1379 Chariton.
322 1343 386 1398 pag.
398 1322 513 1396 261,qut
526 1323 680 1376 Danubium
690 1325 719 1377 in
733 1324 897 1378 Adriaticum
917 1343 1025 1398 quoque
1043 1343 1116 1378 maro
1135 1325 1243 1380 diluere

174 1406 298 1462 credidit.
315 1406 396 1461 Haud
413 1406 460 1461 abs
478 1424 508 1460 re
529 1406 623 1470 luerit,
643 1407 697 1460 huc
716 1407 858 1462 facientem
875 1406 1043 1480 adscripsisse
1057 1409 1144 1462 locum
1163 1405 1243 1463 Plinii

175 1491 241 1544 lliat.
255 1491 318 1544 Nat
336 1491 388 1558 111,
406 1491 458 1543 23:
480 1489 607 1544 «latriam
628 1491 840 1568 cognominatam
854 1511 867 1544 a
882 1491 991 1546 flumine
1008 1494 1077 1546 Istro
1096 1491 1243 1548 iaAdriam

174 1573 298 1628 effluente
311 1594 326 1628 e
338 1575 460 1627 Danubio
470 1591 587 1627 amne...
600 1574 719 1649 plerique
728 1575 818 1630 dixere
831 1575 898 1630 falso
911 1577 1014 1631 :nullus
1025 1577 1097 1632 enim
1110 1596 1142 1631 ex
1153 1581 1243 1632 Danu-

175 1657 220 1711 bio
232 1659 317 1711 amnis
330 1659 358 1711 in
368 1677 442 1712 mare
451 1657 614 1713 Adriaticum
625 1659 779 1714 ettmditur.
788 1663 918 1733 Deccptos
929 1661 1026 1725 credo,
1038 1661 1165 1734 quoniam
1174 1667 1243 1730 Argo

175 1745 243 1795 nasis
253 1741 362 1796 flumine
371 1742 399 1796 in
409 1761 483 1796 mare
491 1741 654 1798 Adriaticum
665 1743 811 1811 descendit,
822 1764 876 1799 non
884 1746 978 1818 procul
986 1746 1109 1818 Tergesta
1118 1748 1243 1815 (tricare),

176 1829 287 1900 necjam
295 1838 396 1882 constat
405 1864 414 1890 ,
424 1846 479 1899 quo
492 1826 609 1880 flumine.
624 1827 747 1882 ilumeris
760 1841 904 1883 travectam
914 1831 996 1903 Alpes
1005 1829 1183 1902 diligentiores
1192 1839 1245 1880 tra·

176 1908 260 1976 dunt3
273 1911 383 1965 subiisse
397 1925 487 1964 autem
501 1913 586 1976 Istro,
598 1911 661 1964 dein
673 1913 754 1980 savo,
769 1911 829 1966 dein
843 1915 991 1988 Nauporto,
1003 1914 1046 1970 cni
1060 1932 1157 1967 nomen
1170 1931 1202 1966 ex
1214 1931 1246 1966 ea

177 2011 255 2048 musa
269 2004 324 2063 est,
336 1995 406 2048 inter
417 1998 560 2049 AEmouam
574 1994 707 2068 Alpesque
719 1997 874 2051 exorienti».

309 2073 324 2106 s

212 2129 246 2184 V.
261 2135 320 2199 ¹94·
331 2135 376 2182 Sat
391 2133 464 2191 mih,-
481 2149 530 2182 noa
551 2133 607 2182 tott’s
623 2135 693 2200 Argo
711 2134 776 2183 redit
792 2151 847 2184 ecee
865 2137 992 2199 corymbo.
1004 2134 1111 2187 -Non
1126 2151 1196 2206 oputt¹
1207 2143 1247 2186 est

177 2213 263 2288 ellipsi
273 2231 281 2268 ε
292 2224 377 2267 textus
389 2225 474 2286 potest
489 2213 526 2269 sic
545 2214 690 2287 explicari:
705 2227 746 2270 sat
760 2226 801 2278 ¹cst
819 2215 901 2284 mihi,
914 2216 987 2289 quod
1002 2218 1073 2290 Argo
1087 2235 1141 2272 nou
1154 2213 1246 2270 redeat

178 2317 238 2354 cum
251 2296 313 2352 totis
327 2298 471 2371 corymbis.

213 2430 247 2484 V.
259 2434 319 2487 rofi.
332 2433 382 2484 ttta
397 2433 528 2484 Thoantem
543 2435 630 2484 transr't
642 2435 733 2504 defleta
745 2435 892 2494 Dabam-n
902 2433 1012 2506 Vulgati
1024 2432 1123 2486 babent
1135 2435 1166 2484 de
1197 2451 1243 2493 aa,

178 2514 252 2587 quod
262 2535 316 2570 non
330 2515 392 2570 satis
405 2527 504 2570 attento
514 2514 600 2568 videri
616 2515 700 2589 possit
719 2517 848 2588 respicere
867 2516 902 2570 ad
922 2517 1117 2590 prominentem
1128 2517 1157 2569 in
1171 2533 1243 2568 mare

179 2599 371 2654 Chersonesum
386 2599 538 2654 Tauricam.
553 2599 677 2653 Valerius
696 2611 784 2652 autern
806 2619 859 2671 non
881 2598 915 2652 de
935 2599 990 2653 sola
1008 2598 1108 2653 Medae
1125 2609 1244 2651 manave·
1268 2595 1270 2606 ’

179 2682 264 2736 ctione
284 2683 414 2754 loquitur,
435 2682 482 2736 sed
497 2681 531 2736 de
550 2681 791 2749 commiseratione,
805 2701 859 2754 qua
871 2683 971 2754 ubique
991 2695 1099 2755 excepta
1118 2682 1169 2734 sit:
1185 2699 1244 2752 qua

180 2765 412 2821 commiserationis
425 2764 500 2819 notio
511 2786 594 2839 quum
608 2767 636 2819 in
647 2765 813 2839 procedente
826 2771 972 2819 miserantur
980 2785 1032 2819 non
1046 2766 1151 2830 minus,
1165 2783 1247 2837 qutun

180 2850 208 2904 in
228 2851 396 2924 sequentibus
416 2865 517 2920 moerent
536 2862 562 2902 et
583 2866 709 2902 moventur
723 2851 799 2902 obvia
817 2850 868 2916 sit,
887 2850 979 2904 eadem
990 2850 1018 2902 in
1033 2849 1163 2903 versiculo
1177 2849 1245 2902 inter

180 2934 239 2988 illos
253 2934 340 2987 medio
351 2935 442 2988 abesse
451 2952 504 2988 uon
514 2946 605 3005 potest
617 2932 697 2987 Haud
710 2932 829 2986 dubitari
838 2933 917 3005 igitur
929 2934 1067 2987 intextum
1078 2931 1194 3004 recipere
1204 2935 1246 2982 de·

173 3025 251 3093 fleta,
264 3018 337 3092 quod
347 3017 429 3072 codex
439 3019 537 3090 Regius
550 3029 577 3072 et
588 3015 683 3084 Aldina
697 3017 849 3090 praeierunt.
860 3018 918 3070 Jam
931 3036 993 3070 vero
1006 3016 1100 3082 babes,
1108 3034 1167 3088 quae
1179 3014 1248 3068 desi·

181 3103 296 3170 deretur,
307 3101 541 3156 commiserationis
552 3100 656 3155 ideam:
671 3099 782 3155 delletur
793 3101 826 3154 ab
838 3101 896 3174 ipsa
909 3104 993 3152 Diana
1006 3098 1135 3166 Taurica,
1152 3101 1246 3150 Thoan-

182 3204 222 3241 εει
235 3189 294 3242 ideo
305 3188 376 3242 dicta
387 3228 394 3254 ‚
404 3186 478 3260 quod
488 3185 631 3252 Thoantis,
642 3186 723 3256 patris
733 3187 892 3260 Hypsipyles
904 3185 1019 3239 Lemma
1029 3183 1078 3254 (de
1089 3201 1143 3256 quo
1151 3183 1227 3255 plura
1238 3223 1245 3249 ,

181 3272 226 3326 lib.
236 3273 276 3337 ll,
287 3273 340 3338 418
352 3272 415 3342 sq.),
424 3282 515 3335 atate,
526 3269 691 3342 Iphigeniam
705 3289 737 3325 eo
748 3271 916 3325 transtulerat
925 3272 936 3341 (
945 3269 1004 3323 vide
1013 3265 1091 3322 Orid.
1101 3287 1134 3322 ex
1143 3267 1245 3332 Ponto,

181 3356 234 3418 111,
245 3373 272 3420 a,
287 3356 320 3424 59
334 3355 398 3425 sq.);
411 3352 489 3405 fletur
500 3370 573 3418 vero,
582 3363 713 3424 quatenus
728 3354 812 3406 Diana
825 3353 916 3408 eadem
930 3367 968 3407 est
980 3371 1039 3426 quse
1053 3351 1162 3417 Hecate,
1173 3355 1247 3424 cujus

181 3429 304 3492 sacmdoa
315 3438 402 3490 sumat
419 3434 531 3502 Medea,
542 3437 578 3502 V,
592 3443 653 3502 240,
666 3448 693 3489 et
705 3436 777 3490 alibi.
787 3464 799 3482 n
814 3466 849 3478 —-
862 3437 905 3492 Sic
919 3430 1089 3509 Wagberus,
1100 3438 1177 3506 cujus
1189 3434 1249 3506 opi·

126 3517 133 3542 ‘
182 3521 287 3575 aionem
300 3519 438 3574 confirmat
450 3519 496 3572 ille
508 3520 583 3574 locus
591 3557 599 3584 ‚
610 3519 639 3572 in
652 3537 706 3591 quc
717 3519 809 3574 eadem
824 3520 927 3588 Diana,
937 3519 1048 3574 Hecates
1059 3516 1247 3584 nomine,hie·

182 3603 260 3660 deam
271 3604 366 3669 deflet,
376 3602 423 3658 lib.
434 3604 486 3666 vl,
497 3603 546 3674 495
558 3619 566 3656 :

321 3722 387 3768 Hanc
396 3719 499 3768 residens
510 3719 563 3766 altis
575 3720 662 3766 Hecate
672 3719 764 3768 Perseia
772 3719 832 3766 lucis

325 3795 408 3844 Μαι.

220 3919 254 3970 V.
265 3937 324 3972 aro.
343 3921 510 3986 Hyperboreas
525 3919 599 3970 movit
611 3933 739 3986 compecto
752 3919 865 3986 pruinas.
878 3941 913 3956 -
926 3913 1043 3967 Gallicus
1062 3912 1193 3982 interpres
1213 3912 1251 3966 ait

189 4003 261 4057 huno
274 4020 396 4068 tutum,

326 4119 363 4190 Du
372 4117 490 4172 Sarmata,
506 4117 564 4164 lses
573 4116 633 4170 cris,
650 4117 684 4163 les
695 4115 783 4164 de'serts
795 4113 981 4164 s'attandrirsat.

187 4225 290 4279 lideletn
304 4242 360 4278 esse
374 4223 447 4277 latini
462 4241 551 4276 versus
563 4224 710 4292 imaginem:
729 4220 749 4273 si
763 4211 887 4284 dixisset,
904 4221 1143 4285 interpretationem,
1163 4231 1250 4287 posset

151 4373 154 4378 Ι
188 4309 351 4382 aliquatenus
364 4308 443 4370 ferti5
457 4305 503 4360 sed
517 4311 647 4376 imaginem
657 4305 786 4359 diversam
797 4322 920 4378 prorsus,
938 4302 996 4373 quis
1007 4311 1063 4354 non
1074 4299 1165 4353 videt?
1183 4297 1254 4354 Hinc
