3102 5128
298 541 300 544 ,
351 487 478 550 NOVI
510 485 759 550 Entuottts
790 487 948 552 NOTAE.
1118 486 1177 554 155

108 602 251 673 lntegrum
263 600 396 672 Wagneri
410 599 437 652 in
450 598 521 652 hunc
534 600 623 653 locum
637 599 854 652 commentarium
867 600 920 654 hou
931 610 986 654 est:
1001 626 1013 648 «
1025 603 1074 652 Ceu
1086 619 1178 660 strum,

107 684 208 750 iratus,
230 686 343 734 Bacchus
360 686 385 734 itt
402 688 462 735 auia
477 686 612 745 Echionia,
623 681 749 738 Thebana
766 685 777 752 (
785 685 856 740 conf.
869 683 937 739 inira
952 685 1038 754 544),
1052 688 1177 745 Penthea,

108 771 203 836 intectis
213 787 266 836 per
279 770 389 828 roscida,
402 768 464 820 vino
474 767 591 832 madida,
602 787 696 820 cornua
707 771 801 830 vtum,
809 769 937 840 quoniam
947 769 1079 824 Pentheus
1088 769 1180 823 vincu-

108 850 138 904 lis
156 871 225 904 eum
248 849 411 919 tradiderat,
436 854 537 912 deserit,
553 851 656 924 effugit.
684 855 783 921 Injeett't
804 857 905 914 vinctu,
923 852 1106 908 suadentibus·
1117 863 1181 906 ants

108 953 167 986 enm
182 935 252 998 Pio,
268 935 365 988 Vossio
375 973 383 998 ,
394 935 501 989 Heinsio
514 948 540 989 et
553 936 720 1003 Burmanno,
732 936 833 1009 primus
847 936 875 991 in
888 949 988 991 textum
998 936 1097 1010 recepit
1112 937 1180 992 Hm·

109 1018 188 1070 ltsius
200 1039 209 1084 ;
223 1019 329 1089 priores
342 1019 442 1072 hahent
454 1021 547 1072 imertt's
559 1023 639 1080 vietis,
648 1021 720 1093 quod
731 1020 807 1072 nihili
818 1033 857 1075 est
868 1048 888 1073 n.

141 1102 188 1154 Ni!
199 1102 364 1156 mutandum
377 1103 453 1155 nobis
469 1103 581 1157 ridetur.
599 1106 698 1173 Infecta
714 1108 784 1156 vittae
799 1117 908 1177 possunt
923 1123 978 1158 esse
994 1108 1065 1156 vitta
1081 1108 1180 1166 timeto,-

109 1185 145 1237 sic
155 1185 231 1238 Ptin.
242 1187 309 1252 vlt,
325 1185 374 1248 56,
388 1189 485 1257 inficere
498 1191 570 1239 lanas
578 1211 589 1249 ;
607 1187 701 1241 Catull.
716 1187 813 1254 LXIV,
830 1189 897 1254 2²5,
913 1189 1005 1258 insecta
1017 1190 1103 1240 lintea.
1118 1187 1179 1241 Huc

109 1269 191 1320 verba
198 1307 209 1329 ‚
226 1271 325 1338 tarmis
331 1289 380 1336 per
390 1273 487 1321 roscida
503 1291 596 1322 cornua
609 1275 690 1334 vittis,
700 1271 812 1344 pingunt
823 1283 945 1324 ornatum
955 1271 1052 1326 Baochi
1059 1311 1067 1338 ‚
1075 1271 1122 1343 qui
1131 1271 1179 1323 vit-

109 1362 181 1406 tatus
194 1364 255 1406 erat
268 1371 343 1405 more
356 1352 503 1408 sacrificali.
519 1355 634 1426 Quoque
647 1354 819 1408 mutationem
835 1353 921 1407 minus
933 1353 1070 1425 requiras,
1087 1353 1180 1406 oonier

109 1436 234 1508 ejusdem
245 1436 336 1490 Nostri
350 1439 454 1502 locum,
464 1437 509 1490 ubi
519 1438 574 1490 iere
582 1437 699 1492 similiter
708 1438 824 1510 pingitur
834 1435 968 1502 Bacchus,
976 1436 1013 1499 V,
1023 1453 1056 1506 79
1068 1454 1075 1488 t

269 1561 369 1622 Udaque
379 1559 502 1623 pampinea
513 1571 644 1614 nectentem
655 1577 744 1609 cornus
754 1560 816 1608 vitta.

142 1687 188 1740 Sic
201 1687 304 1742 deinde
316 1689 402 1760 pergit
410 1689 581 1761 Wagnerus:
598 1715 610 1734 ιι
623 1693 701 1755 Quum
716 1705 781 1742 tenet
797 1693 837 1742 itte
850 1693 934 1749 deum,
949 1687 1000 1742 deo
1013 1705 1041 1740 se
1051 1685 1159 1759 plenu
1170 1722 1178 1751 ,

110 1772 135 1823 in
149 1773 278 1826 furorem
295 1785 401 1838 autum,
416 1771 615 1840 animadvertit,
624 1775 817 1841 pudibrmduque
827 1774 934 1842 tegrut'tta
946 1773 1047 1832 matris,
1056 1768 1180 1822 lubitum

111 1856 307 1912 Bacchantium
321 1857 463 1922 (Heinsius
477 1857 577 1912 mavult
586 1859 780 1927 furibundoque
790 1860 892 1926 agmina
906 1859 1011 1915 matris,·
1024 1852 1062 1906 nil
1075 1853 1180 1924 opus),

112 1957 296 2010 tympanaque,
306 1957 330 1994 et
339 1947 418 1994 subito
429 1943 597 2010 miseraocipit
604 1944 701 1995 hastam
710 1945 818 2002 mollem,
827 1939 964 2013 thyrsum,
973 1955 1026 2010 quo
1037 1955 1091 1991 non
1101 1944 1179 1988 scuto

112 2025 155 2078 illo
165 2024 299 2098 quidem,
312 2027 351 2078 uti
362 2025 448 2090 ensis,
461 2026 508 2080 ted
518 2027 627 2088 obtuto,
639 2025 675 2080 ad
682 2043 774 2078 necem
783 2037 870 2080 tamen
884 2042 901 2078 a
911 2033 995 2076 matre
1006 2022 1097 2092 ignara
1110 2021 1178 2090 ejus·

112 2127 163 2178 qne
172 2108 320 2162 comitibus
331 2108 462 2163 verberari
471 2129 500 2164 se
507 2111 625 2164 renutet.
634 2109 766 2164 Bacchum
776 2110 804 2164 in
815 2109 919 2162 vincula
931 2109 1079 2180 conjectum
1087 2123 1103 2158 a
1112 2104 1179 2156 Pen-

113 2190 174 2244 theo
184 2203 269 2262 poete
279 2204 368 2247 noster
380 2193 436 2250 sine
450 2193 532 2250 dubio
547 2193 658 2266 sumpsit
673 2210 703 2246 ex
718 2190 852 2263 Euripidis
866 2191 994 2254 Bacchis,
1007 2211 1034 2244 v.
1045 2187 1181 2254 tot-518,

112 2290 196 2343 quern
216 2272 338 2326 eumdem
354 2273 446 2328 iisdem
454 2277 509 2330 iere
521 2276 607 2329 verbis
622 2276 746 2347 expressit
757 2275 899 2340 Horatius,
911 2276 976 2347 Epp.
990 2277 1015 2337 1,
1034 2279 1077 2336 ιθ,
1090 2273 1124 2344 73
1138 2289 1178 2343 sq.

114 2355 216 2408 Nucem
230 2355 373 2410 Pentheos
389 2369 472 2412 matre
486 2359 613 2412 inflictam
628 2377 700 2412 more
713 2377 779 2421 sno,
792 2358 821 2412 id
835 2369 887 2426 est,
902 2356 994 2412 viridis
1007 2356 1140 2410 coloribus
1155 2364 1182 2407 et

114 2437 147 2490 ad
156 2439 355 2494 miserationem
366 2443 582 2522 commorandum
595 2455 654 2514 apte
666 2444 751 2514 pinxit
763 2442 843 2498 Orid.
854 2445 961 2498 Metam.
971 2444 1024 2506 111,
1039 2444 1090 2513 708
1099 2459 1156 2512 sqq.
1167 2464 1180 2485 ·

152 2527 191 2574 Τὸ
203 2521 300 2570 tastum
314 2524 403 2588 accipit
414 2541 468 2576 nou
480 2521 609 2594 significat
621 2523 758 2582 hocloco,
771 2526 843 2576 Ιιιυια
854 2528 1007 2584 numeratur,
1020 2522 1066 2575 sed
1082 2525 1179 2573 hastam

114 2608 198 2656 sunit.
205 2607 351 2656 Pudibsuda
362 2609 468 2674 tegmina
480 2610 564 2658 matris
575 2607 667 2676 longas
679 2604 818 2678 designant
831 2607 923 2672 stolas,
934 2605 1031 2677 quibus
1040 2616 1068 2658 et
1079 2606 1180 2674 Agave,

115 2687 227 2740 Penthei
242 2698 334 2753 mater,
343 2701 369 2742 et
383 2691 439 2761 ejus
456 2689 565 2744 comites
582 2702 656 2746 etant
668 2689 774 2744 indutae.
790 2689 901 2746 Batonis
920 2687 1075 2745 modestiam
1090 2685 1181 2740 tribuit

116 2771 277 2844 Euripides,
295 2773 390 2826 Bacch.
401 2775 463 2842 93⁸⁴
473 2773 563 2838 Idem,
580 2776 598 2828 1.
613 2773 631 2826 i.
649 2793 675 2828 v.
695 2773 771 2844 1075,
788 2771 869 2827 refert
884 2771 997 2826 Penthea
1010 2771 1130 2843 jussisse,
1151 2779 1181 2820 ut

116 2856 239 2909 Bacchus
262 2856 291 2908 in
314 2875 445 2911 carcerem
465 2857 655 2932 conjiceretur,
675 2858 723 2929 qui
745 2875 806 2910 mox
822 2855 886 2910 inde
903 2857 931 2910 vi
952 2854 1041 2909 divina
1061 2853 1180 2925 elapsus,

118 2937 234 2992 Penthea
257 2939 380 2992 muliebri
401 2939 493 2993 habitu
508 2951 534 2994 et
552 2941 683 2995 Bacchico
700 2953 840 3007 ornatum,
852 2951 878 2994 et
894 2951 982 2993 mente
999 2939 1140 2992 alienatum
1152 2937 1181 2990 in

117 3033 289 3094 conspectum
309 3022 474 3077 Baccharum
495 3025 635 3098 produxit,
647 3043 791 3099 carumque
810 3024 895 3078 furori
912 3026 1045 3098 objectum
1059 3026 1183 3075 deseruit.-

117 3104 189 3158 unde
209 3107 305 3159 Noster
321 3124 393 3159 suam
410 3109 633 3180 comparationem
656 3109 739 3162 duxit
766 3109 888 3164 Medbam
908 3109 1007 3164 scilicet
1025 3125 1180 3181 oppressam

117 3194 181 3240 mole
197 3193 241 3240 dei
252 3210 323 3258 quem
335 3207 434 3260 pectore
451 3207 501 3244 toto
513 3196 570 3262 jam
584 3209 646 3245 terret
659 3193 728 3262 (Vl,
743 3195 794 3266 673
804 3199 823 3266 ),
834 3195 996 3268 proprioque
1008 3191 1093 3248 furori
1106 3192 1181 3262 obje-

116 3284 202 3336 ttam,
213 3272 322 3338 Venus,
334 3288 364 3328 ut
376 3275 491 3330 Penthea
505 3277 640 3341 Bacchus,
655 3276 756 3331 deserit.

153 3425 187 3477 V,
201 3425 253 3479 318
256 3463 399 3480 .........
415 3443 491 3496 atque
504 3449 554 3482 urta
561 3433 645 3497 potius
655 3433 797 3482 decernitis
809 3433 863 3492 ira,

267 3516 305 3560 Ac
313 3529 391 3578 reque
402 3525 453 3562 tam
463 3515 529 3578 turpi
536 3531 658 3564 casuram
666 3533 760 3580 semper
770 3517 850 3564 artiori

264 3597 414 3646 Proclamat.
710 3606 713 3611 '

117 3699 204 3770 longe
217 3701 324 3750 decernit
336 3711 361 3751 et
369 3703 521 3767 proclamat,
536 3698 587 3752 hoe
599 3717 693 3752 senen:
709 3696 834 3751 suadente
852 3699 908 3765 ira,
922 3701 1012 3754 statuit
1023 3713 1048 3755 et
1063 3700 1179 3756 declarat

117 3801 145 3835 se
156 3799 246 3854 neque
258 3799 406 3849 cessuram,
420 3793 469 3836 eto.

152 3918 189 3969 V.
203 3917 271 3998 335,
285 3921 454 3986 Merionesque
471 3919 564 3987 oollr'git
582 3922 640 3970 tras.
659 3947 695 3958 -
714 3916 771 3971 Hoc
786 3928 872 3991 potest
886 3917 925 3970 sic
945 3917 1068 3990 intelligi:
1088 3937 1179 3972 causas

120 3999 250 4054 moriendi
261 4000 359 4072 'colligit
367 4042 374 4068 ,
382 4019 410 4054 se
419 4001 454 4056 ad
465 3999 633 4055 moriendum
644 4001 747 4059 excitat.

154 4149 187 4200 V.
202 4148 262 4218 339.
277 4153 329 4201 Nec
340 4166 365 4200 tu
378 4155 436 4203 lucis
444 4192 451 4212 ,
460 4156 508 4213 ait,
519 4169 564 4201 nec
576 4153 666 4203 uideris
677 4155 729 4203 ulia
737 4157 844 4221 juventa

276 4235 376 4284 Gaudia
386 4273 392 4293 ,
404 4254 447 4285 nec
457 4237 537 4286 drdcrs
543 4236 634 4302 fratris
645 4239 773 4302 pubescere
782 4241 859 4286 malas
871 4247 882 4285 .³
