3220 5128
499 523 933 596 ARGONAUTARUM.
1181 531 1245 610 hm

189 646 342 726 ¹⁰d⁰¹⁰⁵¹
364 645 417 710 fib·
431 647 481 726 ¹¹2
495 667 564 732 ⁰³1)-
577 669 608 734 7,
623 656 639 722 S
652 669 669 734 7
684 670 692 710 :
712 667 811 733 quare
824 644 1022 709 Philocteteo
1040 644 1148 730 potius
1162 646 1245 710 Tro.

188 754 270 834 jauis
284 752 375 816 bellis
391 751 613 839 relinquimus.

233 959 409 1025 PHLEIAS
427 961 479 1023 vel
505 960 673 1039 PHLlAS‚
701 961 823 1024 Bacchi
845 978 878 1024 et
899 963 1054 1025 Ariadnes
1075 961 1178 1042 filius,
1205 986 1245 1026 ex

189 1064 341 1130 Phliunte
359 1065 460 1145 urbe,
478 1065 621 1145 Valerio,
639 1065 694 1130 lib.
708 1066 738 1147 Ι,
756 1069 839 1148 4η,
862 1082 895 1130 et
910 1067 977 1146 ΙΙΙ,
995 1067 1073 1147 1083
1092 1067 1243 1154 Apollon.

188 1172 221 1252 1,
250 1170 330 1252 1153
350 1169 499 1257 Orpheo,
522 1191 568 1239 vs.
593 1192 672 1256 192,
690 1185 905 1248 memoratus.
932 1169 1089 1234 Phliasius
1114 1171 1244 1260 Hygino

188 1273 304 1339 dionis.
322 1274 407 1338 Urbs
428 1298 505 1339 vero
528 1274 640 1340 Phlius
661 1277 695 1339 in
716 1275 941 1364 Peloponneso
961 1275 1039 1340 olim
1060 1276 1244 1366 Amthyrea

188 1377 287 1462 diota,
303 1394 383 1444 teste
400 1379 575 1444 Scholiaste
591 1381 753 1470 Apollonii
773 1382 792 1445 Ι.
814 1382 836 1446 Ι.
854 1397 886 1444 et
903 1379 1049 1462 Pindari,
1068 1381 1163 1446 Nem.
1177 1383 1241 1462 vt,

188 1483 247 1570 733
272 1482 328 1548 sed
352 1483 393 1547 de
417 1500 548 1548 auctore
568 1485 664 1566 hujus
685 1485 775 1550 urbis
792 1484 989 1574 discrepant:
1007 1485 1138 1574 quidam
1154 1486 1241 1550 enim
1293 1545 1296 1551 .

185 1588 228 1652 eb
244 1587 307 1654 hoc
323 1587 470 1652 Phliunte
484 1588 599 1652 volunt
619 1587 799 1665 conditum,
818 1605 856 1652 ut
877 1589 1011 1654 Pausan.
1031 1588 1079 1665 ΙΙ,
1109 1611 1168 1670 12,
1185 1589 1242 1678 qm'

186 1716 262 1758 eum
280 1717 345 1758 non
361 1693 537 1773 Aiiadnes,
557 1693 614 1758 sed
631 1695 827 1779 Aroethyreoe
839 1693 941 1759 filium
954 1717 992 1759 ex
1008 1695 1133 1760 Baccho
1146 1694 1240 1777 facit,

186 1801 260 1864 lioet
274 1799 326 1864 alii
342 1821 382 1864 ex
397 1798 494 1878 Caso,
511 1799 646 1864 Temeni
662 1797 745 1880 filio,
759 1798 930 1866 deducant.
942 1800 1092 1888 Orpheus
1107 1817 1241 1864 matrem

186 1905 255 1985 ejus
267 1905 449 1993 Nympham
460 1921 570 1985 vocat,
589 1903 645 1968 sed
658 1927 777 1970 nomeu
792 1928 858 1969 non
872 1906 1033 1994 exprimit.
1058 1905 1241 1992 Stephanus

145 2087 153 2102 ἱ
187 2026 220 2072 et
234 2009 340 2075 schol.
353 2008 516 2098 Apollonii
533 2031 552 2072 a
569 2008 717 2074 Phliunte
737 2010 875 2096 (rectius
893 2032 910 2072 a
927 2009 1110 2098 Phliunte),
1127 2010 1242 2074 Bacchi

187 2130 220 2178 et
233 2113 498 2202 Chthonophyles
514 2112 591 2190 filio,
607 2113 770 2180 conditam
786 2117 888 2179 aiunt.
899 2115 1054 2180 Maserius
1067 2115 1107 2180 ad
1117 2117 1171 2181 tib.
1181 2118 1240 2197 ΙΙΙ,

60 2287 62 2290 ,
189 2221 268 2301 148,
290 2219 380 2284 vaide
405 2235 518 2284 aestuat
540 2221 573 2282 in
601 2220 665 2284 hoc
688 2220 837 2300 nomine,
866 2237 899 2284 et
926 2221 1001 2286 licet
1029 2221 1239 2311 Despauterio

185 2325 266 2389 male
284 2325 397 2388 Phoeas
420 2321 559 2406 dicatur,
583 2326 651 2412 ipse
671 2340 779 2388 tamen
800 2324 927 2388 Phloeas
949 2341 1036 2390 recte
1061 2327 1125 2392 dici
1144 2349 1239 2414 posse

184 2446 302 2496 censet.

229 2609 458 2691 PHLOGIUS,
478 2609 561 2675 filius
582 2611 710 2696 Phryxi
727 2615 765 2673 et
778 2611 975 2698 Chalciopes,
997 2612 1053 2698 qui
1077 2632 1151 2673 cum
1175 2609 1252 2672 fra-s

186 2715 288 2778 tribus
313 2715 346 2778 in
375 2716 479 2778 insula
506 2715 566 2778 Dia
590 2716 780 2804 Argonautis
807 2737 841 2778 se
866 2713 1020 2795 adjunxit.
1040 2715 1240 2778 Memoratun

187 2821 326 2910 Hygino,
344 2820 517 2908 Apollonio
528 2820 636 2883 etVal.
649 2821 777 2900 Flacco;
793 2818 865 2883 vide
878 2821 912 2883 in
929 2823 1020 2906 Argo
1036 2835 1068 2884 et
1086 2819 1189 2900 Mela,
1207 2835 1239 2882 et

187 2927 333 3016 inprimis
348 2926 381 2989 in
393 2924 560 3010 Autolyco.

231 3107 415 3189 PHOCUS,
431 3108 499 3189 vel,
519 3125 558 3171 ut
570 3107 687 3190 editur,
698 3109 811 3188 Fenus,
830 3110 935 3173 Coenei
947 3108 1047 3186 filius,
1059 3133 1097 3174 ex
1111 3110 1241 3199 Magne·

188 3213 250 3292 sia,
272 3213 331 3277 soli
359 3228 457 3277 notus
482 3213 621 3302 Hygino.
651 3213 776 3278 Caenem
798 3213 867 3299 ejus
895 3230 1002 3301 pater,
1031 3215 1112 3279 Elati
1140 3213 1240 3296 filius,

188 3317 388 3407 Magnesius,
405 3340 502 3406 supra
518 3334 566 3382 est
579 3319 694 3383 relatus
706 3343 716 3401 3
737 3342 804 3382 non
816 3342 909 3400 vero,
933 3337 967 3384 ut
979 3321 1073 3384 toties
1083 3320 1240 3403 vidimus,

187 3423 357 3486 verisimile
373 3421 487 3502 credo,
504 3438 608 3511 patres
626 3445 701 3487 cum
720 3421 791 3487 filiis
812 3423 946 3488 subiisse
963 3424 1047 3489 hanc
1062 3425 1240 3513 expeditio·

189 3549 279 3608 nem,
295 3551 397 3615 quum
410 3529 527 3616 passim
540 3535 731 3617 Argonautae
744 3531 879 3609 juvenes
895 3527 1030 3594 florente
1041 3546 1131 3594 aetate
1143 3531 1241 3596 indu·

188 3649 311 3696 mutus.
342 3633 448 3697 Alium
475 3633 616 3696 Phocum
647 3633 844 3714 Ornitionis,
876 3634 942 3698 sive
969 3635 1112 3722 Neptuni
1139 3635 1240 3700 filium

189 3753 345 3800 memorat
367 3737 557 3819 Pausanias,
582 3738 637 3801 lib.
655 3739 702 3819 ΙΙ,
727 3761 795 3826 cap.
814 3741 850 3818 43
871 3739 951 3801 nlius
969 3740 1063 3804 etiam
1088 3757 1136 3804 est
1157 3740 1240 3806 filius

188 3840 295 3921 AEaci,
309 3865 326 3904 a
340 3843 435 3907 Peleo
453 3859 485 3906 ot
500 3845 673 3908 Telamone
692 3845 832 3926 occisus,
853 3843 893 3907 de
913 3867 980 3932 quo
998 3845 1127 3910 vidend
1143 3845 1240 3910 ovid.

100 4021 102 4024 ,
190 3946 356 4029 nnvn,
378 3948 452 4014 685.

189 4223 190 4226 Ἴ
234 4090 457 4222 PHRONTlS,
471 4142 547 4221 sive,
563 4159 600 4206 ut
612 4143 652 4206 ab
670 4142 739 4206 aliis
756 4158 897 4218 vocatur,
913 4143 1109 4221 Phrontides,
1121 4142 1245 4226 Phiyxi

189 4261 224 4308 et
241 4244 420 4333 Chalciopes
432 4244 534 4328 filius,
550 4245 590 4310 de
606 4269 672 4334 quo
687 4246 765 4312 nihil
782 4262 846 4324 est,
861 4245 950 4333 qnod
967 4245 1127 4332 dicemus,
1142 4269 1243 4333 quum
