3150 5126
472 547 884 613 ARGONAUTARUM.
1147 551 1208 628 343

154 669 329 732 Scholiaste
349 667 511 755 Apollonii
538 669 698 733 Phoenicis
719 669 778 734 lilia
798 669 930 751 dicitur,
958 687 989 733 et
1006 672 1047 734 ab
1060 672 1210 759 Hygino,

153 775 216 838 fab.
234 777 294 860 47,
317 775 374 837 ubi
404 790 555 861 corrupte
583 775 716 863 legitur,
737 775 944 840 Ert'climcaus
964 787 994 840 et
1011 780 1148 842 Ancaeus
1168 801 1230 858 ex,

154 887 319 975 Astyplrile
330 883 582 969 Ptoentoefilta;
593 889 1007 970 sed,utviditMunlrerus,
1024 891 1208 979 legendum,
1232 907 1237 916 ’

153 995 381 1080 Periclymetus
397 1010 429 1058 et
447 999 587 1062 Aruaeus
606 1019 649 1059 cx
672 997 855 1085 Astypalaea
877 995 1126 1085 Plroenr'cr'sfilr'a.
1152 999 1211 1064 llic

151 1123 230 1164 vero
248 1101 381 1164 Phoenix
406 1123 446 1164 an
465 1103 619 1184 Agenoris
633 1100 717 1165 lilius
733 1103 850 1183 fuerit,
865 1125 905 1165 an
921 1103 1121 1188 Amyntoris,
1153 1105 1209 1188 qni

152 1207 282 1270 Achillis
292 1223 468 1293 praeceptor
475 1205 582 1286 luerit,
593 1205 744 1288 dubium,
755 1207 807 1270 ille
816 1208 978 1293 antiquior
991 1208 1122 1295 quidem
1128 1207 1211 1271 vide.

152 1327 218 1392 tur,
238 1309 295 1374 sed
307 1301 432 1389 tarnen,
452 1325 487 1372 ut
500 1325 658 1374 statuatur
672 1325 761 1398 pater
773 1311 975 1398 Astypalreae‚
990 1312 1128 1399 speciem
1137 1333 1211 1398 prae·

151 1417 229 1480 bere
237 1431 352 1505 potest,
365 1415 677 1503 quodAganorfilius
683 1419 800 1480 Ancoet'
808 1417 934 1480 dicatur
944 1419 984 1480 ab
998 1417 1158 1504 Hesychio
1175 1418 1207 1478 io

151 1523 272 1603 Ᾰγάνωρ,
288 1541 383 1608 quem
402 1519 455 1594 ille
472 1521 505 1582 in
519 1521 628 1608 proavi
644 1522 801 1610 Agenoris
819 1524 1006 1586 memoriam
1025 1523 1065 1584 ita
1080 1544 1208 1585 vocasse

151 1627 269 1714 potuit.
289 1626 423 1690 Plroenix
444 1649 519 1690 vero
536 1627 667 1692 Achillis
689 1628 839 1715 magister
856 1627 1055 1716 temporibus
1081 1626 1130 1690 his
1152 1649 1209 1713 po·

152 1733 283 1812 sterior,
299 1747 332 1794 et
354 1732 457 1795 multo
472 1733 570 1820 magis
584 1733 652 1812 ejus
670 1732 734 1796 lilia
745 1732 951 1822 Astypalaea,
978 1737 1131 1798 Ancaeum
1149 1735 1207 1796 Ar·
1267 1757 1288 1770 ¹·

13 1847 19 1861 '
153 1853 326 1926 gonautarn
343 1835 438 1900 edere
452 1859 518 1900 non
533 1839 676 1924 potuisse
689 1837 836 1919 videtur,
854 1839 880 1901 si
903 1839 1084 1902 fabularum
1103 1838 1206 1901 Chro-

151 1943 312 2031 nologiam
332 1941 372 2004 ad
393 1941 535 2006 historici
559 1943 712 2031 temporis
733 1941 830 2006 fidem
851 1945 976 2034 exigere
1003 1945 1122 2007 liceret.
1149 1943 1207 2006 llic

149 2071 226 2112 vero
240 2048 375 2110 Ancaeus
392 2069 466 2110 curn
491 2048 553 2111 alio
576 2072 658 2135 srepe
674 2049 901 2130 conlunditur3
929 2073 1002 2114 narn
1017 2066 1049 2114 et
1068 2050 1109 2113 ab
1125 2071 1203 2136 apro
1238 2073 1240 2078 ·

149 2151 327 2240 Calydonio
343 2153 567 2233 interfectum,
593 2177 631 2216 ex
652 2153 836 2242 Pherecyde
851 2154 958 2244 prodit
974 2155 1080 2218 Schol.
1105 2153 1205 2240 Apol·

151 2258 216 2320 lon.
228 2257 283 2320 lib.
295 2259 326 2336 1,
337 2278 418 2320 vers.
437 2257 515 2336 1883
527 2256 618 2342 quod
629 2257 705 2322 inde
720 2259 814 2322 etiam
825 2275 932 2346 posset
941 2259 1054 2346 aliquis
1069 2257 1204 2328 efficere,

149 2361 238 2449 quod
253 2364 340 2426 hunc
350 2364 504 2425 Ancaeum
517 2363 724 2426 Pleuronium
739 2364 833 2442 faciat
848 2365 1016 2452 Orpheus,
1035 2387 1115 2427 vers.
1129 2361 1201 2424 206.

148 2467 288 2530 Pleuron
302 2483 406 2531 autern
420 2467 453 2530 in
464 2465 581 2530 AEtolia
592 2517 600 2547 ,
613 2467 699 2531 unde
711 2469 868 2558 Meleager
882 2492 889 2532 :
903 2493 1017 2556 exque
1026 2469 1204 2552 Meleagria

148 2571 289 2634 Pleuron
299 2571 399 2635 Statio
409 2570 545 2652 dicitur,
556 2573 610 2636 lib.
621 2572 677 2654 lV,
691 2573 761 2637 103.
774 2574 918 2656 Quintus
930 2574 1072 2654 Calaber,
1081 2571 1137 2636 lib.
1148 2571 1203 2650 IV,

149 2699 230 2740 vers.
245 2679 327 2759 444,
341 2677 435 2741 ludos
450 2677 601 2742 funebres
610 2679 644 2740 in
655 2678 810 2741 honorent
824 2679 952 2743 Achillis
963 2701 1112 2756 narrans,
1123 2676 1202 2740 disci

149 2781 316 2861 meminit,
334 2805 400 2868 quo
416 2783 493 2846 olim
515 2785 650 2846 Anueus
675 2799 742 2845 erat
759 2805 853 2858 usus,
869 2787 1041 2870 antequam
1059 2782 1100 2846 ab
1124 2783 1205 2843 Her-

148 2889 219 2951 cule
236 2888 340 2950 suerat
361 2885 521 2965 domitus3
541 2885 653 2949 vitiose
668 2910 744 2950 vero
762 2887 795 2949 in
810 2888 956 2952 versione
971 2888 1068 2951 latina
1086 2887 1203 2973 legitur

147 2997 298 3071 Antaeus,
320 2993 472 3056 etmortis
488 3015 609 3080 genus,
624 2991 712 3079 quod
725 2993 857 3056 Calaber
872 3015 937 3057 non
954 2992 1102 3080 exprimit
1113 2989 1203 3078 (dicit

147 3095 245 3172 enim,
254 3100 312 3172 Πρὶν
323 3109 451 3172 κρατιρῇαι
464 3105 560 3172 piparas
573 3096 715 3173 dapupirnt
725 3093 1037 3181 llpaeiioe),lnlerpres
1049 3090 1201 3169 reddidit,

141 3200 327 3285 pruisquam
339 3195 553 3260 imernalium
563 3219 673 3260 marrus
686 3197 824 3262 Herculis
833 3197 923 3262 elisus
921 3195 1005 3282 suit.
1019 3197 1066 3261 Ad
1077 3212 1203 3262 utrum·

147 3328 211 3391 que
229 3303 324 3366 etiarn
342 3305 497 3366 Ancaeem
521 3301 652 3366 diversis
669 3304 833 3367 sententiis
853 3304 1046 3393 scriptorum
1067 3307 1203 3370 rel'ertur

146 3409 294 3497 adagium
313 3407 571 3500 celeberrimum,
581 3415 665 3468 nott
676 3419 768 3487 μιταξὺ
778 3421 845 3470 otiu
857 3421 948 3480 κύλικος
960 3419 1001 3472 καὶ
1013 3419 1102 3487 χάλκας
1116 3421 1201 3490 depae,

145 3515 253 3578 Multa
268 3514 389 3590 eadunt
402 3514 485 3576 inter
497 3511 625 3574 calicem
640 3535 839 3600 supremaque
852 3514 961 3592 labro,·
974 3513 1047 3576 vide
1066 3516 1199 3578 Zenobii
1284 3557 1287 3569 ι

145 3623 278 3684 Centur.
292 3619 331 3699 V,
344 3642 381 3705 71
393 3666 402 3700 ,
414 3634 446 3682 et
460 3617 504 3680 ibi
522 3617 646 3680 Sehotti
660 3633 759 3681 notas.
774 3619 916 3705 Apostol.
929 3620 1021 3682 Cent.
1038 3619 1129 3699 XVl,
1144 3620 1201 3700 18,

146 3741 180 3789 et
205 3725 252 3788 ibi
275 3725 460 3788 Pantinurn.
485 3724 643 3787 Caeterum
662 3721 715 3785 hic
738 3723 889 3800 Aroteres,
909 3723 965 3808 qui
990 3724 1200 3810 peritissimus
1243 3765 1246 3772 .

146 3829 315 3919 navigandi
329 3829 405 3893 artis
418 3845 451 3892 et
463 3827 605 3892 siderum
619 3827 820 3908 describitur,
833 3845 866 3891 et
877 3826 950 3890 ideo
963 3829 1045 3892 forte
1056 3827 1200 3914 Neptuni

146 3935 230 3999 iilius
247 3934 367 4015 dictus,
377 3933 484 4022 Tiphy
500 3949 646 4013 mortuo,
661 3931 702 3996 ad
717 3933 842 3997 clavum
861 3933 922 3995 luit
942 3931 1107 4012 admotus,
1120 3948 1200 3996 teste

145 4041 295 4128 Hygino,
313 4063 380 4126 cap.
413 4043 452 4117 14
469 4039 524 4124 (ut
540 4039 607 4118 ejus
634 4039 728 4100 verba
757 4038 917 4126 supplevit
936 4061 1002 4123 cap.
1025 4037 1063 4100 18
1081 4037 1198 4100 doctis-

144 4147 246 4211 simus
259 4144 476 4230 Munkerus),
497 4143 644 4230 Orphe0,
662 4166 692 4206 v.
708 4143 789 4230 725,
811 4143 892 4229 1679
907 4159 939 4206 et
957 4141 1052 4222 1003,
1074 4158 1106 4204 et
1120 4143 1198 4206 aliis.

146 4251 291 4316 Valerius
302 4273 379 4316 vero
396 4251 527 4316 Flaccus
540 4250 693 4336 Ergitum
709 4249 862 4339 sull'ragio
880 4249 978 4337 ipsius
995 4249 1082 4315 navia
1094 4251 1198 4337 Argus
