3220 5128
458 503 867 570 inconsutanun.
1135 511 1194 598 371

135 653 261 694 versum
279 651 332 716 77,
353 627 510 716 Neptuno
526 651 565 692 ex
583 629 714 715 Europa
739 627 819 692 dicit
836 644 967 704 uatum,
986 630 1019 692 in
1038 631 1118 718 ripis
1139 636 1202 698 Ce·
1280 661 1283 668 ¹

134 725 220 824 phisi
234 733 340 814 fluvii;
356 733 398 796 ad
416 755 498 796 vers.
516 732 553 796 15
574 750 607 797 et
625 733 665 818 39
683 732 769 797 idern
787 733 979 798 scholiastes
995 733 1074 799 dicit
1088 755 1199 803 natum

136 867 173 908 ex
187 843 376 934 Meeionice,
396 841 525 904 Eurotae
543 839 624 922 filia,
644 840 772 906 duxisse
790 863 867 904 vero
883 864 1018 906 uxorem
1029 845 1200 912 Alcmenes

136 949 231 1014 filiam
250 951 456 1029 Laonomen,
477 964 567 1012 etex
586 948 640 1012 illo
664 948 837 1034 septimum
857 947 1020 1012 decimum
1037 973 1107 1016 esse
1121 953 1202 1016 Bat-

135 1071 217 1136 tum,
237 1056 303 1118 sive
321 1053 519 1118 An'stotekm
529 1100 539 1133 ,
568 1053 625 1140 qui
653 1051 799 1116 condidit
821 1054 980 1140 Cyrenen.
1001 1055 1051 1122 Ad
1072 1080 1202 1123 versum

138 1180 245 1226 tamen
263 1157 338 1242 455,
354 1158 448 1240 dicit,
462 1158 661 1246 Euphemiam
678 1159 711 1220 in
728 1158 851 1222 Lemno
869 1159 984 1224 coiisse
1000 1183 1075 1226 cum
1094 1163 1204 1228 Mala·

136 1267 209 1346 cde,
228 1283 261 1329 et
272 1264 349 1329 inde
364 1280 476 1328 natum
493 1263 729 1351 Leucopkanem
736 1312 746 1343 ,
770 1262 858 1330 unde
874 1268 1054 1331 Aristoteles
1069 1267 1205 1333 descen·

139 1372 204 1454 dit,
220 1371 410 1460 progenitor
423 1368 575 1432 Arcesilai
591 1369 752 1456 Cyrenaei,
767 1369 801 1432 in
819 1368 911 1448 cujus
924 1371 1033 1436 laudes
1045 1373 1205 1461 hymnum

139 1479 229 1542 illum
250 1475 368 1540 cecinit
392 1474 567 1555 Pindarus3
597 1492 629 1538 et
655 1475 700 1538 ibi
725 1475 834 1563 plures
857 1476 1036 1562 Euphemes
1061 1497 1207 1545 recenset

139 1583 341 1648 Scholiastes.
361 1583 468 1646 Tzetz.
486 1579 528 1644 ad
545 1580 707 1668 Lycophr.
725 1581 814 1644 Alex.
831 1603 876 1644 vs.
897 1581 973 1668 887,
992 1584 1086 1648 etiam
1105 1585 1209 1652 filium

139 1690 340 1765 Mecionices,
360 1688 425 1750 sive
440 1685 577 1750 Doridos
598 1685 652 1771 (ita
670 1685 757 1748 enim
774 1685 833 1748 viri
850 1685 938 1750 docti
956 1689 1131 1754 emendant
1147 1713 1208 1780 pro

143 1793 269 1882 Oridos)
287 1792 358 1856 fitiae
375 1791 522 1872 Eurotae,
539 1789 633 1869 facit,
650 1805 683 1854 et
698 1789 808 1854 eadent
827 1791 913 1872 lere,
928 1815 999 1879 quae
1015 1793 1208 1860 Scholiastes

141 1898 271 1964 Pindari
288 1912 415 1976 narrat,
434 1894 507 1959 vide
524 1910 556 1958 et
573 1895 622 1959 Jo.
643 1896 750 1960 Treta.
768 1894 903 1960 Chiliad.
921 1897 1048 1980 11,43,
1075 1899 1133 1963 ubi
1152 1903 1209 1964 tri·

142 2007 258 2094 plicem
282 2018 415 2066 matrem
440 2001 594 2088 Europen
617 2016 649 2063 et
671 2000 857 2065 Mecenicen
884 2000 981 2066 liliam
1002 2005 1152 2086 Orionis,
1178 2011 1210 2070 e't

142 2109 241 2175 Orida
256 2106 413 2198 agnoscit.
432 2107 489 2170 Illa
506 2105 578 2169 Oris
594 2127 668 2170 vero
684 2106 848 2194 incognita
864 2107 1128 2198 Mythograpltis,
1142 2113 1209 2176 Ne·

142 2216 236 2306 ptuni
253 2214 304 2278 vel
319 2235 402 2278 uxor
417 2212 468 2276 vel
481 2212 600 2292 amica,
617 2227 727 2298 posset
740 2211 824 2276 forte
841 2235 909 2275 esse
928 2212 990 2278 filia
1006 2215 1079 2296 Ori,
1092 2241 1165 2304 quus
1178 2235 1211 2282 et

144 2323 211 2386 Lau
232 2319 371 2400 dicitur,
390 2341 429 2382 ex
446 2340 509 2404 qua
529 2317 701 2405 Neptunus
722 2317 816 2382 etiarn
835 2317 1016 2407 Althepictm
1034 2324 1211 2409 suscepisse

143 2429 263 2492 dicitur
279 2425 462 2504 Pausanias,
478 2423 533 2486 lib.
548 2424 591 2502 ll,
605 2421 701 2502 303in
713 2422 875 2510 Apollonii
892 2423 1105 2508 editionibus,
1119 2429 1173 2492 lib.
1184 2430 1211 2510 l,

143 2559 190 2598 vs.
214 2555 294 2621 179,
314 2532 431 2619 legitur
449 2531 563 2617 vulgo,

265 2709 382 2778 Ταίναρον
399 2701 455 2758 αὖτ’
467 2705 508 2758 tet
523 2708 585 2758 τοῖσι
598 2705 675 2756 λιπὼν
693 2706 836 2774 Πολύφημις
849 2707 927 2758 leuve·

146 2883 203 2948 ubi
227 2897 329 2960 certe,
349 2898 386 2944 ut
406 2881 470 2960 jam
493 2879 674 2942 observavit
696 2878 823 2942 Simson
847 2879 880 2941 in
906 2880 1211 2966 Chronico,otenps<

147 2985 321 3076 legendum
339 3007 407 3050 csse
425 3002 570 3066 constat,
591 2985 667 3072 quia
691 2983 731 3046 de
755 2984 818 3048 hoc
839 2987 1027 3072 Argonauta
1051 2988 1096 3052 ibi
1119 3013 1212 3080 agere

146 3109 273 3157 certum
287 3107 356 3155 est:
376 3113 450 3154 nam
465 3107 498 3154 et
511 3089 713 3178 Polyphemi,
738 3090 818 3153 Elati
842 3089 912 3174 filii,
933 3091 997 3172 jarn
1022 3096 1214 3160 meminerat

146 3221 243 3263 versu
258 3201 310 3276 Ao.
328 3198 435 3278 Quam
454 3195 661 3286 indiligenter
679 3217 756 3260 vero
778 3197 964 3261 Hoelzlinus
988 3199 1021 3261 in
1043 3205 1211 3291 Argonau-

147 3305 221 3369 ticis
245 3307 389 3366 versatus
411 3302 525 3382 luerit,
550 3317 635 3366 notae
656 3302 724 3381 ejus
748 3301 788 3365 ad
813 3303 903 3368 hunc
925 3304 1033 3368 locum
1053 3308 1217 3394 probanti

147 3431 253 3499 quum
271 3410 357 3473 enim
373 3409 568 3497 Euphemum
585 3409 626 3472 ab
642 3408 711 3472 aliis
728 3407 790 3472 dici
808 3408 1010 3492 adnotasset,
1030 3411 1138 3491 addit,
1159 3415 1216 3478 Or·

149 3517 326 3604 pheneum
346 3537 387 3578 ne
405 3515 537 3577 nurnine
555 3513 686 3600 quidem
705 3515 850 3594 novisse,
869 3536 970 3600 quum
988 3517 1130 3582 disertitn
1147 3521 1214 3598 ejus

149 3621 351 3685 mentionem
372 3621 464 3683 faciat
482 3643 529 3682 vs.
548 3641 607 3682 102
623 3641 629 3682 :

428 3791 568 3860 Ταιναριιὺς
585 3785 612 3842 δ’
624 3791 735 3862 Εὔφημος
753 3789 814 3852 ten,
831 3795 883 3838 etc.

150 3958 214 4024 Sed
235 3957 329 4022 video
354 3956 433 4045 quid
456 3957 603 4021 fefellerit
624 3958 729 4020 virum
756 3957 888 4022 minitne
910 3959 1048 4022 malunt:
1066 3961 1224 4050 neglectis

152 4065 272 4129 Gnecis
288 4063 410 4151 Orphei
427 4063 550 4142 verbis,
568 4063 719 4127 Latinum
740 4063 948 4151 interpretem
964 4061 1148 4144 consuluit,
1162 4069 1217 4154 qui

151 4193 256 4258 quum
275 4165 396 4250 ιῡφὴμος,
422 4170 510 4231 litera
528 4169 629 4254 prima
652 4167 768 4230 minori
788 4169 962 4255 scriptum,
987 4169 1218 4259 deprehendis-

151 4293 219 4354 set,
234 4275 343 4354 vertit,

1040 4373 1090 4444 24.
