<?xml version="1.0" encoding="UTF-8"?>
<!DOCTYPE html PUBLIC "-//W3C//DTD XHTML 1.0 Transitional//EN"
    "http://www.w3.org/TR/xhtml1/DTD/xhtml1-transitional.dtd">
<html xmlns="http://www.w3.org/1999/xhtml" xml:lang="en" lang="en">
 <head>
  <title>
</title>
<meta http-equiv="Content-Type" content="text/html;charset=utf-8" />
  <meta name='ocr-system' content='tesseract 3.04.00' />
  <meta name='ocr-capabilities' content='ocr_page ocr_carea ocr_par ocr_line ocrx_word'/>
</head>
<body>
  <div class='ocr_page' id='page_1' title='image "./cvaleriiflaccis01apolgoog_0256.png"; bbox 0 0 3192 5138; ppageno 0'>
   <div class='ocr_carea' id='block_1_1' title="bbox 403 516 1232 600">
    <p class='ocr_par' dir='ltr' id='par_1_1' title="bbox 403 516 1232 600">
     <span class='ocr_line' id='line_1_1' title="bbox 403 516 1232 600; baseline 0.007 -17"><span class='ocrx_word' id='word_1_1' title='bbox 403 516 812 600; x_wconf 77' lang='lat' dir='ltr'><strong>aneonaurlcou,</strong></span> <span class='ocrx_word' id='word_1_2' title='bbox 836 520 924 585; x_wconf 83' lang='lat' dir='ltr'><strong>nm.</strong></span> <span class='ocrx_word' id='word_1_3' title='bbox 948 521 989 585; x_wconf 83' lang='lat' dir='ltr'><strong>n.</strong></span> <span class='ocrx_word' id='word_1_4' title='bbox 1170 522 1232 589; x_wconf 79' lang='lat'><strong>255</strong></span> 
     </span>
    </p>
   </div>
   <div class='ocr_carea' id='block_1_2' title="bbox 142 646 1233 3038">
    <p class='ocr_par' dir='ltr' id='par_1_2' title="bbox 142 646 1232 1080">
     <span class='ocr_line' id='line_1_2' title="bbox 142 646 1232 744; baseline 0.001 -26"><span class='ocrx_word' id='word_1_5' title='bbox 142 682 145 686; x_wconf 93' lang='lat'>·</span> <span class='ocrx_word' id='word_1_6' title='bbox 204 651 345 744; x_wconf 87' lang='lat' dir='ltr'><strong>Hospitii</strong></span> <span class='ocrx_word' id='word_1_7' title='bbox 361 649 448 716; x_wconf 87' lang='lat' dir='ltr'><strong>dona</strong></span> <span class='ocrx_word' id='word_1_8' title='bbox 463 647 568 737; x_wconf 85' lang='lat' dir='ltr'><strong>ampla</strong></span> <span class='ocrx_word' id='word_1_9' title='bbox 586 646 693 726; x_wconf 80' lang='lat' dir='ltr'><strong>dedit,</strong></span> <span class='ocrx_word' id='word_1_10' title='bbox 711 646 802 714; x_wconf 87' lang='lat' dir='ltr'><strong>dedit</strong></span> <span class='ocrx_word' id='word_1_11' title='bbox 817 650 952 741; x_wconf 87' lang='lat' dir='ltr'><strong>insuper</strong></span> <span class='ocrx_word' id='word_1_12' title='bbox 966 652 1048 718; x_wconf 82' lang='lat' dir='ltr'><strong>alma</strong></span> <span class='ocrx_word' id='word_1_13' title='bbox 1195 679 1232 725; x_wconf 73' lang='lat' dir='ltr'><strong>»u</strong></span> 
     </span>
     <span class='ocr_line' id='line_1_3' title="bbox 202 763 959 852; baseline -0.005 -17"><span class='ocrx_word' id='word_1_14' title='bbox 202 772 320 851; x_wconf 81' lang='lat' dir='ltr'><strong>Arete,</strong></span> <span class='ocrx_word' id='word_1_15' title='bbox 339 764 469 830; x_wconf 85' lang='lat' dir='ltr'><strong>bissena</strong></span> <span class='ocrx_word' id='word_1_16' title='bbox 485 763 578 852; x_wconf 87' lang='lat' dir='ltr'><strong>sequi</strong></span> <span class='ocrx_word' id='word_1_17' title='bbox 597 785 670 851; x_wconf 82' lang='lat' dir='ltr'><strong>quae</strong></span> <span class='ocrx_word' id='word_1_18' title='bbox 688 763 845 830; x_wconf 82' lang='lat' dir='ltr'><strong>Colchida</strong></span> <span class='ocrx_word' id='word_1_19' title='bbox 858 765 959 851; x_wconf 85' lang='lat' dir='ltr'><strong>jussit</strong></span> 
     </span>
     <span class='ocr_line' id='line_1_4' title="bbox 204 877 1002 970; baseline -0.003 -22"><span class='ocrx_word' id='word_1_20' title='bbox 204 882 382 970; x_wconf 85' lang='lat' dir='ltr'><strong>Mancipia,</strong></span> <span class='ocrx_word' id='word_1_21' title='bbox 405 881 439 944; x_wconf 91' lang='lat' dir='ltr'><strong>in</strong></span> <span class='ocrx_word' id='word_1_22' title='bbox 456 879 541 968; x_wconf 86' lang='lat' dir='ltr'><strong>regis</strong></span> <span class='ocrx_word' id='word_1_23' title='bbox 561 877 715 944; x_wconf 83' lang='lat' dir='ltr'><strong>domibus</strong></span> <span class='ocrx_word' id='word_1_24' title='bbox 731 877 917 946; x_wconf 82' lang='lat' dir='ltr'><strong>Phaeaeidos</strong></span> <span class='ocrx_word' id='word_1_25' title='bbox 937 903 1002 946; x_wconf 80' lang='lat' dir='ltr'><strong>orae</strong></span> 
     </span>
     <span class='ocr_line' id='line_1_5' title="bbox 203 991 1030 1080; baseline -0.001 -17"><span class='ocrx_word' id='word_1_26' title='bbox 203 998 349 1080; x_wconf 78' lang='lat' dir='ltr'><strong>Educta,</strong></span> <span class='ocrx_word' id='word_1_27' title='bbox 369 1011 403 1061; x_wconf 89' lang='lat' dir='ltr'><strong>et</strong></span> <span class='ocrx_word' id='word_1_28' title='bbox 418 1008 547 1060; x_wconf 89' lang='lat' dir='ltr'><strong>sanctos</strong></span> <span class='ocrx_word' id='word_1_29' title='bbox 566 991 707 1058; x_wconf 79' lang='lat' dir='ltr'><strong>domiuae</strong></span> <span class='ocrx_word' id='word_1_30' title='bbox 725 995 897 1060; x_wconf 82' lang='lat' dir='ltr'><strong>referentia</strong></span> <span class='ocrx_word' id='word_1_31' title='bbox 912 1017 1030 1062; x_wconf 89' lang='lat' dir='ltr'><strong>mores.</strong></span> 
     </span>
    </p>

    <p class='ocr_par' dir='ltr' id='par_1_3' title="bbox 196 1107 1233 3038">
     <span class='ocr_line' id='line_1_6' title="bbox 247 1107 1123 1204; baseline 0.005 -28"><span class='ocrx_word' id='word_1_32' title='bbox 247 1112 411 1202; x_wconf 85' lang='lat' dir='ltr'><strong>Tempore</strong></span> <span class='ocrx_word' id='word_1_33' title='bbox 427 1109 505 1175; x_wconf 89' lang='lat' dir='ltr'><strong>dein</strong></span> <span class='ocrx_word' id='word_1_34' title='bbox 523 1130 623 1198; x_wconf 88' lang='lat' dir='ltr'><strong>parvo</strong></span> <span class='ocrx_word' id='word_1_35' title='bbox 641 1107 807 1198; x_wconf 84' lang='lat' dir='ltr'><strong>Drepancs</strong></span> <span class='ocrx_word' id='word_1_36' title='bbox 824 1109 986 1176; x_wconf 80' lang='lat' dir='ltr'><strong>laetissima</strong></span> <span class='ocrx_word' id='word_1_37' title='bbox 1003 1113 1123 1204; x_wconf 89' lang='lat' dir='ltr'><strong>linquit</strong></span> 
     </span>
     <span class='ocr_line' id='line_1_7' title="bbox 202 1221 1233 1315; baseline 0.001 -24"><span class='ocrx_word' id='word_1_38' title='bbox 202 1228 290 1291; x_wconf 85' lang='lat' dir='ltr'><strong>Rura</strong></span> <span class='ocrx_word' id='word_1_39' title='bbox 306 1247 442 1306; x_wconf 86' lang='lat' dir='ltr'><strong>manus,</strong></span> <span class='ocrx_word' id='word_1_40' title='bbox 462 1221 611 1313; x_wconf 86' lang='lat' dir='ltr'><strong>zephyris</strong></span> <span class='ocrx_word' id='word_1_41' title='bbox 630 1245 774 1313; x_wconf 84' lang='lat' dir='ltr'><strong>auraque</strong></span> <span class='ocrx_word' id='word_1_42' title='bbox 789 1221 924 1291; x_wconf 81' lang='lat' dir='ltr'><strong>favente</strong></span> <span class='ocrx_word' id='word_1_43' title='bbox 936 1228 1040 1315; x_wconf 82' lang='lat' dir='ltr'><strong>potita</strong></span> <span class='ocrx_word' id='word_1_44' title='bbox 1194 1254 1233 1294; x_wconf 69' lang='lat' dir='ltr'><strong>‚n</strong></span> 
     </span>
     <span class='ocr_line' id='line_1_8' title="bbox 202 1337 1014 1429; baseline 0.004 -26"><span class='ocrx_word' id='word_1_45' title='bbox 202 1339 358 1429; x_wconf 82' lang='lat' dir='ltr'><strong>Navigat,</strong></span> <span class='ocrx_word' id='word_1_46' title='bbox 375 1355 408 1404; x_wconf 90' lang='lat' dir='ltr'><strong>et</strong></span> <span class='ocrx_word' id='word_1_47' title='bbox 421 1337 493 1402; x_wconf 88' lang='lat' dir='ltr'><strong>fatis</strong></span> <span class='ocrx_word' id='word_1_48' title='bbox 507 1357 576 1401; x_wconf 90' lang='lat' dir='ltr'><strong>non</strong></span> <span class='ocrx_word' id='word_1_49' title='bbox 593 1337 697 1426; x_wconf 89' lang='lat' dir='ltr'><strong>tangit</strong></span> <span class='ocrx_word' id='word_1_50' title='bbox 709 1337 861 1402; x_wconf 81' lang='lat' dir='ltr'><strong>Achaeida</strong></span> <span class='ocrx_word' id='word_1_51' title='bbox 877 1356 1014 1425; x_wconf 87' lang='lat' dir='ltr'><strong>terram,</strong></span> 
     </span>
     <span class='ocr_line' id='line_1_9' title="bbox 202 1449 1084 1543; baseline 0.01 -28"><span class='ocrx_word' id='word_1_52' title='bbox 202 1451 240 1515; x_wconf 90' lang='lat' dir='ltr'><strong>ln</strong></span> <span class='ocrx_word' id='word_1_53' title='bbox 256 1450 417 1540; x_wconf 85' lang='lat' dir='ltr'><strong>Libycum</strong></span> <span class='ocrx_word' id='word_1_54' title='bbox 433 1449 540 1516; x_wconf 88' lang='lat' dir='ltr'><strong>donee</strong></span> <span class='ocrx_word' id='word_1_55' title='bbox 554 1451 771 1537; x_wconf 84' lang='lat' dir='ltr'><strong>penetraverit</strong></span> <span class='ocrx_word' id='word_1_56' title='bbox 785 1467 855 1518; x_wconf 89' lang='lat' dir='ltr'><strong>acta</strong></span> <span class='ocrx_word' id='word_1_57' title='bbox 869 1454 1084 1543; x_wconf 88' lang='lat' dir='ltr'><strong>profundum.</strong></span> 
     </span>
     <span class='ocr_line' id='line_1_10' title="bbox 201 1566 980 1657; baseline 0.005 -26"><span class='ocrx_word' id='word_1_58' title='bbox 201 1566 390 1631; x_wconf 83' lang='lat' dir='ltr'><strong>Ambracios</strong></span> <span class='ocrx_word' id='word_1_59' title='bbox 403 1567 538 1656; x_wconf 85' lang='lat' dir='ltr'><strong>tetigere</strong></span> <span class='ocrx_word' id='word_1_60' title='bbox 552 1566 661 1649; x_wconf 88' lang='lat' dir='ltr'><strong>sinus,</strong></span> <span class='ocrx_word' id='word_1_61' title='bbox 675 1566 874 1657; x_wconf 89' lang='lat' dir='ltr'><strong>Curetiaque</strong></span> <span class='ocrx_word' id='word_1_62' title='bbox 890 1591 980 1654; x_wconf 89' lang='lat' dir='ltr'><strong>arva,</strong></span> 
     </span>
     <span class='ocr_line' id='line_1_11' title="bbox 201 1669 1055 1748; baseline 0.004 -3"><span class='ocrx_word' id='word_1_63' title='bbox 201 1682 243 1745; x_wconf 89' lang='lat' dir='ltr'><strong>Et</strong></span> <span class='ocrx_word' id='word_1_64' title='bbox 256 1680 381 1745; x_wconf 90' lang='lat' dir='ltr'><strong>volucri</strong></span> <span class='ocrx_word' id='word_1_65' title='bbox 395 1679 467 1745; x_wconf 87' lang='lat' dir='ltr'><strong>velo</strong></span> <span class='ocrx_word' id='word_1_66' title='bbox 481 1680 611 1744; x_wconf 82' lang='lat' dir='ltr'><strong>Stinnas</strong></span> <span class='ocrx_word' id='word_1_67' title='bbox 629 1695 662 1746; x_wconf 87' lang='lat' dir='ltr'><strong>et</strong></span> <span class='ocrx_word' id='word_1_68' title='bbox 675 1679 858 1746; x_wconf 85' lang='lat' dir='ltr'><strong>Echinadas</strong></span> <span class='ocrx_word' id='word_1_69' title='bbox 872 1703 938 1748; x_wconf 86' lang='lat' dir='ltr'><strong>una</strong></span> <span class='ocrx_word' id='word_1_70' title='bbox 1052 1669 1055 1676; x_wconf 55' lang='grc'><strong>’</strong></span> 
     </span>
     <span class='ocr_line' id='line_1_12' title="bbox 202 1793 1229 1889; baseline 0.003 -29"><span class='ocrx_word' id='word_1_71' title='bbox 202 1794 422 1878; x_wconf 73' lang='lat' dir='ltr'><strong>Praetereunt,</strong></span> <span class='ocrx_word' id='word_1_72' title='bbox 438 1793 633 1883; x_wconf 85' lang='lat' dir='ltr'><strong>Pelopisque</strong></span> <span class='ocrx_word' id='word_1_73' title='bbox 648 1793 760 1860; x_wconf 85' lang='lat' dir='ltr'><strong>vident</strong></span> <span class='ocrx_word' id='word_1_74' title='bbox 774 1797 937 1886; x_wconf 84' lang='lat' dir='ltr'><strong>surgentia</strong></span> <span class='ocrx_word' id='word_1_75' title='bbox 952 1819 1062 1889; x_wconf 84' lang='lat' dir='ltr'><strong>regna.</strong></span> <span class='ocrx_word' id='word_1_76' title='bbox 1193 1825 1229 1864; x_wconf 61' lang='grc' dir='ltr'><strong>,ες</strong></span> 
     </span>
     <span class='ocr_line' id='line_1_13' title="bbox 200 1911 1099 2003; baseline 0.003 -26"><span class='ocrx_word' id='word_1_77' title='bbox 200 1912 263 1977; x_wconf 87' lang='lat' dir='ltr'><strong>Hic</strong></span> <span class='ocrx_word' id='word_1_78' title='bbox 278 1913 388 1977; x_wconf 67' lang='lat' dir='ltr'><strong>Boreae</strong></span> <span class='ocrx_word' id='word_1_79' title='bbox 402 1911 512 1996; x_wconf 83' lang='lat' dir='ltr'><strong>furor,</strong></span> <span class='ocrx_word' id='word_1_80' title='bbox 529 1929 628 2001; x_wconf 87' lang='lat' dir='ltr'><strong>atque</strong></span> <span class='ocrx_word' id='word_1_81' title='bbox 641 1912 800 1977; x_wconf 74' lang='lat' dir='ltr'><strong>imsuensa</strong></span> <span class='ocrx_word' id='word_1_82' title='bbox 816 1914 957 2003; x_wconf 86' lang='lat' dir='ltr'><strong>procella</strong></span> <span class='ocrx_word' id='word_1_83' title='bbox 972 1916 1099 1981; x_wconf 87' lang='lat' dir='ltr'><strong>ruentis</strong></span> 
     </span>
     <span class='ocr_line' id='line_1_14' title="bbox 200 2026 1143 2118; baseline 0.003 -24"><span class='ocrx_word' id='word_1_84' title='bbox 200 2030 328 2117; x_wconf 89' lang='lat' dir='ltr'><strong>Perque</strong></span> <span class='ocrx_word' id='word_1_85' title='bbox 345 2050 463 2092; x_wconf 88' lang='lat' dir='ltr'><strong>novem</strong></span> <span class='ocrx_word' id='word_1_86' title='bbox 481 2043 614 2111; x_wconf 89' lang='lat' dir='ltr'><strong>noctes,</strong></span> <span class='ocrx_word' id='word_1_87' title='bbox 634 2026 837 2118; x_wconf 89' lang='lat' dir='ltr'><strong>totidemque</strong></span> <span class='ocrx_word' id='word_1_88' title='bbox 855 2029 1020 2118; x_wconf 88' lang='lat' dir='ltr'><strong>reciproca</strong></span> <span class='ocrx_word' id='word_1_89' title='bbox 1036 2029 1143 2116; x_wconf 88' lang='lat' dir='ltr'><strong>luces,</strong></span> 
     </span>
     <span class='ocr_line' id='line_1_15' title="bbox 200 2142 992 2236; baseline 0.003 -27"><span class='ocrx_word' id='word_1_90' title='bbox 200 2144 343 2233; x_wconf 88' lang='lat' dir='ltr'><strong>Dispulit</strong></span> <span class='ocrx_word' id='word_1_91' title='bbox 354 2143 388 2207; x_wconf 92' lang='lat' dir='ltr'><strong>in</strong></span> <span class='ocrx_word' id='word_1_92' title='bbox 403 2142 537 2231; x_wconf 84' lang='lat' dir='ltr'><strong>Libycas</strong></span> <span class='ocrx_word' id='word_1_93' title='bbox 552 2143 719 2208; x_wconf 83' lang='lat' dir='ltr'><strong>volitantia</strong></span> <span class='ocrx_word' id='word_1_94' title='bbox 734 2144 865 2209; x_wconf 83' lang='lat' dir='ltr'><strong>carbasa</strong></span> <span class='ocrx_word' id='word_1_95' title='bbox 878 2159 992 2236; x_wconf 82' lang='lat' dir='ltr'><strong>syrtes.</strong></span> 
     </span>
     <span class='ocr_line' id='line_1_16' title="bbox 198 2254 1020 2350; baseline 0.004 -26"><span class='ocrx_word' id='word_1_96' title='bbox 198 2257 344 2324; x_wconf 86' lang='lat' dir='ltr'><strong>Navibus</strong></span> <span class='ocrx_word' id='word_1_97' title='bbox 362 2257 441 2320; x_wconf 90' lang='lat' dir='ltr'><strong>hinc</strong></span> <span class='ocrx_word' id='word_1_98' title='bbox 456 2256 560 2347; x_wconf 79' lang='lat' dir='ltr'><strong>pelagi</strong></span> <span class='ocrx_word' id='word_1_99' title='bbox 577 2254 719 2322; x_wconf 87' lang='lat' dir='ltr'><strong>reditum</strong></span> <span class='ocrx_word' id='word_1_100' title='bbox 736 2273 851 2322; x_wconf 85' lang='lat' dir='ltr'><strong>natura</strong></span> <span class='ocrx_word' id='word_1_101' title='bbox 872 2264 1020 2350; x_wconf 83' lang='lat' dir='ltr'><strong>negavit,</strong></span> 
     </span>
     <span class='ocr_line' id='line_1_17' title="bbox 200 2372 1229 2464; baseline 0.003 -26"><span class='ocrx_word' id='word_1_102' title='bbox 200 2374 311 2440; x_wconf 87' lang='lat' dir='ltr'><strong>Limus</strong></span> <span class='ocrx_word' id='word_1_103' title='bbox 327 2372 450 2461; x_wconf 90' lang='lat' dir='ltr'><strong>ubique</strong></span> <span class='ocrx_word' id='word_1_104' title='bbox 464 2372 777 2459; x_wconf 84' lang='lat' dir='ltr'><strong>frequens,vortex,</strong></span> <span class='ocrx_word' id='word_1_105' title='bbox 792 2387 825 2438; x_wconf 91' lang='lat' dir='ltr'><strong>et</strong></span> <span class='ocrx_word' id='word_1_106' title='bbox 837 2373 935 2439; x_wconf 86' lang='lat' dir='ltr'><strong>inane</strong></span> <span class='ocrx_word' id='word_1_107' title='bbox 949 2378 1171 2464; x_wconf 84' lang='lat' dir='ltr'><strong>profundum,</strong></span> <span class='ocrx_word' id='word_1_108' title='bbox 1192 2403 1229 2442; x_wconf 60' lang='grc' dir='ltr'><strong>,σο</strong></span> 
     </span>
     <span class='ocr_line' id='line_1_18' title="bbox 198 2487 1045 2576; baseline 0.007 -24"><span class='ocrx_word' id='word_1_109' title='bbox 198 2488 457 2576; x_wconf 74' lang='lat' dir='ltr'><strong>spumantesque</strong></span> <span class='ocrx_word' id='word_1_110' title='bbox 474 2487 578 2553; x_wconf 89' lang='lat' dir='ltr'><strong>vomit</strong></span> <span class='ocrx_word' id='word_1_111' title='bbox 597 2487 731 2552; x_wconf 86' lang='lat' dir='ltr'><strong>sinuoso</strong></span> <span class='ocrx_word' id='word_1_112' title='bbox 756 2487 887 2552; x_wconf 90' lang='lat' dir='ltr'><strong>turbine</strong></span> <span class='ocrx_word' id='word_1_113' title='bbox 907 2489 1045 2576; x_wconf 82' lang='lat' dir='ltr'><strong>fluctus,</strong></span> 
     </span>
     <span class='ocr_line' id='line_1_19' title="bbox 199 2599 1005 2692; baseline 0.006 -26"><span class='ocrx_word' id='word_1_114' title='bbox 199 2604 241 2668; x_wconf 86' lang='lat' dir='ltr'><strong>Et</strong></span> <span class='ocrx_word' id='word_1_115' title='bbox 260 2619 408 2669; x_wconf 90' lang='lat' dir='ltr'><strong>tenerum</strong></span> <span class='ocrx_word' id='word_1_116' title='bbox 424 2601 566 2692; x_wconf 86' lang='lat' dir='ltr'><strong>erumpit</strong></span> <span class='ocrx_word' id='word_1_117' title='bbox 581 2600 715 2667; x_wconf 88' lang='lat' dir='ltr'><strong>dorsum</strong></span> <span class='ocrx_word' id='word_1_118' title='bbox 733 2599 877 2666; x_wconf 84' lang='lat' dir='ltr'><strong>flaventis</strong></span> <span class='ocrx_word' id='word_1_119' title='bbox 891 2625 1005 2671; x_wconf 84' lang='lat' dir='ltr'><strong>arenae.</strong></span> 
     </span>
     <span class='ocr_line' id='line_1_20' title="bbox 196 2715 1056 2807; baseline 0.005 -25"><span class='ocrx_word' id='word_1_120' title='bbox 196 2719 275 2783; x_wconf 86' lang='lat' dir='ltr'><strong>Non</strong></span> <span class='ocrx_word' id='word_1_121' title='bbox 289 2719 367 2783; x_wconf 88' lang='lat' dir='ltr'><strong>hine</strong></span> <span class='ocrx_word' id='word_1_122' title='bbox 381 2718 526 2807; x_wconf 82' lang='lat' dir='ltr'><strong>effugere</strong></span> <span class='ocrx_word' id='word_1_123' title='bbox 540 2733 588 2781; x_wconf 89' lang='lat' dir='ltr'><strong>est</strong></span> <span class='ocrx_word' id='word_1_124' title='bbox 601 2715 757 2806; x_wconf 89' lang='lat' dir='ltr'><strong>pedibus,</strong></span> <span class='ocrx_word' id='word_1_125' title='bbox 776 2718 934 2806; x_wconf 86' lang='lat' dir='ltr'><strong>pennisve</strong></span> <span class='ocrx_word' id='word_1_126' title='bbox 948 2719 1056 2787; x_wconf 84' lang='lat' dir='ltr'><strong>levari.</strong></span> 
     </span>
     <span class='ocr_line' id='line_1_21' title="bbox 196 2831 1050 2922; baseline 0.006 -26"><span class='ocrx_word' id='word_1_127' title='bbox 196 2833 306 2896; x_wconf 83' lang='lat' dir='ltr'><strong>Litore</strong></span> <span class='ocrx_word' id='word_1_128' title='bbox 321 2847 525 2921; x_wconf 85' lang='lat' dir='ltr'><strong>restagnant,</strong></span> <span class='ocrx_word' id='word_1_129' title='bbox 544 2831 713 2922; x_wconf 86' lang='lat' dir='ltr'><strong>pelagique</strong></span> <span class='ocrx_word' id='word_1_130' title='bbox 729 2832 866 2897; x_wconf 89' lang='lat' dir='ltr'><strong>furentis</strong></span> <span class='ocrx_word' id='word_1_131' title='bbox 886 2835 1050 2901; x_wconf 88' lang='lat' dir='ltr'><strong>inundant</strong></span> 
     </span>
     <span class='ocr_line' id='line_1_22' title="bbox 198 2941 1225 3038; baseline 0.015 -32"><span class='ocrx_word' id='word_1_132' title='bbox 198 2941 347 3026; x_wconf 87' lang='lat' dir='ltr'><strong>Insidiis,</strong></span> <span class='ocrx_word' id='word_1_133' title='bbox 371 2941 443 3007; x_wconf 87' lang='lat' dir='ltr'><strong>fluit</strong></span> <span class='ocrx_word' id='word_1_134' title='bbox 458 2965 496 3006; x_wconf 83' lang='lat' dir='ltr'><strong>ac</strong></span> <span class='ocrx_word' id='word_1_135' title='bbox 509 2942 616 3008; x_wconf 86' lang='lat' dir='ltr'><strong>refluit</strong></span> <span class='ocrx_word' id='word_1_136' title='bbox 632 2963 710 3035; x_wconf 83' lang='lat' dir='ltr'><strong>vaga</strong></span> <span class='ocrx_word' id='word_1_137' title='bbox 729 2961 879 3034; x_wconf 88' lang='lat' dir='ltr'><strong>tempore</strong></span> <span class='ocrx_word' id='word_1_138' title='bbox 895 2971 996 3038; x_wconf 87' lang='lat' dir='ltr'><strong>parvo</strong></span> <span class='ocrx_word' id='word_1_139' title='bbox 1189 2982 1225 3021; x_wconf 64' lang='lat' dir='ltr'><strong>sss</strong></span> 
     </span>
    </p>
   </div>
   <div class='ocr_carea' id='block_1_3' title="bbox 197 3055 1158 3721">
    <p class='ocr_par' dir='ltr' id='par_1_4' title="bbox 197 3055 1091 3265">
     <span class='ocr_line' id='line_1_23' title="bbox 197 3055 1091 3152; baseline 0.016 -33"><span class='ocrx_word' id='word_1_140' title='bbox 197 3055 292 3120; x_wconf 86' lang='lat' dir='ltr'><strong>Unda</strong></span> <span class='ocrx_word' id='word_1_141' title='bbox 308 3073 409 3120; x_wconf 87' lang='lat' dir='ltr'><strong>ratem</strong></span> <span class='ocrx_word' id='word_1_142' title='bbox 426 3057 607 3146; x_wconf 84' lang='lat' dir='ltr'><strong>abripiens,</strong></span> <span class='ocrx_word' id='word_1_143' title='bbox 628 3082 726 3148; x_wconf 92' lang='lat' dir='ltr'><strong>quam</strong></span> <span class='ocrx_word' id='word_1_144' title='bbox 744 3059 833 3125; x_wconf 89' lang='lat' dir='ltr'><strong>nuda</strong></span> <span class='ocrx_word' id='word_1_145' title='bbox 850 3063 971 3152; x_wconf 91' lang='lat' dir='ltr'><strong>linquit</strong></span> <span class='ocrx_word' id='word_1_146' title='bbox 984 3073 1091 3134; x_wconf 86' lang='lat' dir='ltr'><strong>arena.</strong></span> 
     </span>
     <span class='ocr_line' id='line_1_24' title="bbox 241 3171 961 3265; baseline 0.013 -31"><span class='ocrx_word' id='word_1_147' title='bbox 241 3171 397 3235; x_wconf 88' lang='lat' dir='ltr'><strong>Desiliere</strong></span> <span class='ocrx_word' id='word_1_148' title='bbox 413 3171 493 3254; x_wconf 90' lang='lat' dir='ltr'><strong>viri,</strong></span> <span class='ocrx_word' id='word_1_149' title='bbox 513 3173 612 3236; x_wconf 88' lang='lat' dir='ltr'><strong>tacito</strong></span> <span class='ocrx_word' id='word_1_150' title='bbox 626 3173 747 3262; x_wconf 89' lang='lat' dir='ltr'><strong>quibus</strong></span> <span class='ocrx_word' id='word_1_151' title='bbox 761 3173 825 3240; x_wconf 85' lang='lat' dir='ltr'><strong>icta</strong></span> <span class='ocrx_word' id='word_1_152' title='bbox 840 3195 961 3265; x_wconf 84' lang='lat' dir='ltr'><strong>pavore</strong></span> 
     </span>
    </p>

    <p class='ocr_par' dir='ltr' id='par_1_5' title="bbox 197 3283 1158 3386">
     <span class='ocr_line' id='line_1_25' title="bbox 197 3283 1158 3386; baseline 0.015 -36"><span class='ocrx_word' id='word_1_153' title='bbox 197 3283 303 3350; x_wconf 87' lang='lat' dir='ltr'><strong>Corda</strong></span> <span class='ocrx_word' id='word_1_154' title='bbox 317 3301 479 3370; x_wconf 86' lang='lat' dir='ltr'><strong>tremunt3</strong></span> <span class='ocrx_word' id='word_1_155' title='bbox 499 3287 621 3376; x_wconf 87' lang='lat' dir='ltr'><strong>quippe</strong></span> <span class='ocrx_word' id='word_1_156' title='bbox 636 3290 742 3379; x_wconf 85' lang='lat' dir='ltr'><strong>ampla</strong></span> <span class='ocrx_word' id='word_1_157' title='bbox 757 3289 871 3356; x_wconf 86' lang='lat' dir='ltr'><strong>vident</strong></span> <span class='ocrx_word' id='word_1_158' title='bbox 886 3292 1028 3378; x_wconf 85' lang='lat' dir='ltr'><strong>deserta,</strong></span> <span class='ocrx_word' id='word_1_159' title='bbox 1047 3299 1158 3386; x_wconf 90' lang='lat' dir='ltr'><strong>quieto</strong></span> 
     </span>
    </p>

    <p class='ocr_par' dir='ltr' id='par_1_6' title="bbox 198 3398 976 3492">
     <span class='ocr_line' id='line_1_26' title="bbox 198 3398 976 3492; baseline 0.014 -30"><span class='ocrx_word' id='word_1_160' title='bbox 198 3398 316 3463; x_wconf 83' lang='lat' dir='ltr'><strong>Omnia</strong></span> <span class='ocrx_word' id='word_1_161' title='bbox 328 3399 424 3488; x_wconf 87' lang='lat' dir='ltr'><strong>plena</strong></span> <span class='ocrx_word' id='word_1_162' title='bbox 438 3415 550 3482; x_wconf 80' lang='lat' dir='ltr'><strong>metu3</strong></span> <span class='ocrx_word' id='word_1_163' title='bbox 566 3423 633 3466; x_wconf 91' lang='lat' dir='ltr'><strong>uon</strong></span> <span class='ocrx_word' id='word_1_164' title='bbox 648 3402 702 3466; x_wconf 91' lang='lat' dir='ltr'><strong>hic</strong></span> <span class='ocrx_word' id='word_1_165' title='bbox 714 3403 854 3492; x_wconf 86' lang='lat' dir='ltr'><strong>pastoria</strong></span> <span class='ocrx_word' id='word_1_166' title='bbox 868 3404 976 3473; x_wconf 86' lang='lat' dir='ltr'><strong>balant</strong></span> 
     </span>
    </p>

    <p class='ocr_par' dir='ltr' id='par_1_7' title="bbox 197 3513 994 3606">
     <span class='ocr_line' id='line_1_27' title="bbox 197 3513 994 3606; baseline 0.016 -31"><span class='ocrx_word' id='word_1_167' title='bbox 197 3514 350 3602; x_wconf 80' lang='lat' dir='ltr'><strong>Agmina,</strong></span> <span class='ocrx_word' id='word_1_168' title='bbox 366 3537 427 3579; x_wconf 86' lang='lat' dir='ltr'><strong>nec</strong></span> <span class='ocrx_word' id='word_1_169' title='bbox 446 3515 558 3604; x_wconf 85' lang='lat' dir='ltr'><strong>riguos</strong></span> <span class='ocrx_word' id='word_1_170' title='bbox 578 3513 722 3606; x_wconf 88' lang='lat' dir='ltr'><strong>depascit</strong></span> <span class='ocrx_word' id='word_1_171' title='bbox 736 3517 866 3584; x_wconf 85' lang='lat' dir='ltr'><strong>victima</strong></span> <span class='ocrx_word' id='word_1_172' title='bbox 885 3521 994 3588; x_wconf 88' lang='lat' dir='ltr'><strong>saltus.</strong></span> 
     </span>
    </p>

    <p class='ocr_par' dir='ltr' id='par_1_8' title="bbox 197 3627 1000 3721">
     <span class='ocr_line' id='line_1_28' title="bbox 197 3627 1000 3721; baseline 0.014 -32"><span class='ocrx_word' id='word_1_173' title='bbox 197 3627 291 3691; x_wconf 89' lang='lat' dir='ltr'><strong>Tunc</strong></span> <span class='ocrx_word' id='word_1_174' title='bbox 302 3650 402 3716; x_wconf 90' lang='lat' dir='ltr'><strong>pavor</strong></span> <span class='ocrx_word' id='word_1_175' title='bbox 414 3627 531 3695; x_wconf 85' lang='lat' dir='ltr'><strong>heroas</strong></span> <span class='ocrx_word' id='word_1_176' title='bbox 545 3631 661 3714; x_wconf 86' lang='lat' dir='ltr'><strong>subiit,</strong></span> <span class='ocrx_word' id='word_1_177' title='bbox 676 3631 914 3721; x_wconf 85' lang='lat' dir='ltr'><strong>simulacraque</strong></span> <span class='ocrx_word' id='word_1_178' title='bbox 927 3635 1000 3719; x_wconf 88' lang='lat' dir='ltr'><strong>leti,</strong></span> 
     </span>
    </p>
   </div>
   <div class='ocr_carea' id='block_1_4' title="bbox 196 3741 1104 4270">
    <p class='ocr_par' dir='ltr' id='par_1_9' title="bbox 196 3741 1104 4176">
     <span class='ocr_line' id='line_1_29' title="bbox 198 3741 1015 3828; baseline 0.017 -26"><span class='ocrx_word' id='word_1_179' title='bbox 198 3741 300 3828; x_wconf 90' lang='lat' dir='ltr'><strong>lnque</strong></span> <span class='ocrx_word' id='word_1_180' title='bbox 314 3741 418 3804; x_wconf 89' lang='lat' dir='ltr'><strong>vicem</strong></span> <span class='ocrx_word' id='word_1_181' title='bbox 439 3743 536 3806; x_wconf 84' lang='lat' dir='ltr'><strong>tacito</strong></span> <span class='ocrx_word' id='word_1_182' title='bbox 557 3743 737 3810; x_wconf 80' lang='lat' dir='ltr'><strong>lustrarunt</strong></span> <span class='ocrx_word' id='word_1_183' title='bbox 753 3745 878 3809; x_wconf 91' lang='lat' dir='ltr'><strong>lumine</strong></span> <span class='ocrx_word' id='word_1_184' title='bbox 895 3748 1015 3816; x_wconf 87' lang='lat' dir='ltr'><strong>vultus.</strong></span> 
     </span>
     <span class='ocr_line' id='line_1_30' title="bbox 196 3841 1104 3951; baseline 0.018 -34"><span class='ocrx_word' id='word_1_185' title='bbox 196 3853 372 3918; x_wconf 77' lang='lat' dir='ltr'><strong>«fallacem</strong></span> <span class='ocrx_word' id='word_1_186' title='bbox 394 3877 415 3919; x_wconf 95' lang='lat' dir='ltr'><strong>o</strong></span> <span class='ocrx_word' id='word_1_187' title='bbox 435 3859 571 3920; x_wconf 84' lang='lat' dir='ltr'><strong>terrum!</strong></span> <span class='ocrx_word' id='word_1_188' title='bbox 592 3880 660 3946; x_wconf 93' lang='lat' dir='ltr'><strong>quo</strong></span> <span class='ocrx_word' id='word_1_189' title='bbox 681 3878 741 3923; x_wconf 91' lang='lat' dir='ltr'><strong>nos</strong></span> <span class='ocrx_word' id='word_1_190' title='bbox 762 3859 918 3948; x_wconf 89' lang='lat' dir='ltr'><strong>pepulere</strong></span> <span class='ocrx_word' id='word_1_191' title='bbox 935 3841 1104 3951; x_wconf 81' lang='lat' dir='ltr'><strong>procellae?</strong></span> 
     </span>
     <span class='ocr_line' id='line_1_31' title="bbox 197 3967 931 4066; baseline 0.016 -37"><span class='ocrx_word' id='word_1_192' title='bbox 197 3967 226 4030; x_wconf 95' lang='lat'>0</span> <span class='ocrx_word' id='word_1_193' title='bbox 240 3967 365 4031; x_wconf 84' lang='lat' dir='ltr'><strong>utinam</strong></span> <span class='ocrx_word' id='word_1_194' title='bbox 382 3970 523 4058; x_wconf 86' lang='lat' dir='ltr'><strong>scopulis</strong></span> <span class='ocrx_word' id='word_1_195' title='bbox 537 3971 831 4039; x_wconf 83' lang='lat' dir='ltr'><strong>intercurrentibus</strong></span> <span class='ocrx_word' id='word_1_196' title='bbox 843 3977 931 4066; x_wconf 80' lang='lat' dir='ltr'><strong>Argo</strong></span> 
     </span>
     <span class='ocr_line' id='line_1_32' title="bbox 197 4080 917 4176; baseline 0.019 -34"><span class='ocrx_word' id='word_1_197' title='bbox 197 4080 358 4170; x_wconf 88' lang='lat' dir='ltr'><strong>Perpetuo</strong></span> <span class='ocrx_word' id='word_1_198' title='bbox 375 4100 495 4150; x_wconf 85' lang='lat' dir='ltr'><strong>nutans</strong></span> <span class='ocrx_word' id='word_1_199' title='bbox 513 4086 629 4176; x_wconf 86' lang='lat' dir='ltr'><strong>agitata</strong></span> <span class='ocrx_word' id='word_1_200' title='bbox 648 4087 766 4152; x_wconf 89' lang='lat' dir='ltr'><strong>timore</strong></span> <span class='ocrx_word' id='word_1_201' title='bbox 785 4091 917 4156; x_wconf 86' lang='lat' dir='ltr'><strong>fuisset!</strong></span> 
     </span>
    </p>

    <p class='ocr_par' dir='ltr' id='par_1_10' title="bbox 198 4195 922 4270">
     <span class='ocr_line' id='line_1_33' title="bbox 198 4195 922 4270; baseline 0.017 -12"><span class='ocrx_word' id='word_1_202' title='bbox 198 4195 345 4260; x_wconf 81' lang='lat' dir='ltr'><strong>Adversis</strong></span> <span class='ocrx_word' id='word_1_203' title='bbox 364 4197 479 4262; x_wconf 85' lang='lat' dir='ltr'><strong>melius</strong></span> <span class='ocrx_word' id='word_1_204' title='bbox 496 4199 600 4266; x_wconf 81' lang='lat' dir='ltr'><strong>fuerat</strong></span> <span class='ocrx_word' id='word_1_205' title='bbox 616 4203 695 4266; x_wconf 82' lang='lat' dir='ltr'><strong>freta</strong></span> <span class='ocrx_word' id='word_1_206' title='bbox 715 4203 830 4268; x_wconf 80' lang='lat' dir='ltr'><strong>coernla</strong></span> <span class='ocrx_word' id='word_1_207' title='bbox 850 4205 922 4270; x_wconf 86' lang='lat' dir='ltr'><strong>fatis</strong></span> 
     </span>
    </p>
   </div>
   <div class='ocr_carea' id='block_1_5' title="bbox 0 0 1600 5138">
    <p class='ocr_par' dir='ltr' id='par_1_11' title="bbox 0 0 1600 5138">
     <span class='ocr_line' id='line_1_34' title="bbox 0 0 1600 5138; baseline 0 3"><span class='ocrx_word' id='word_1_208' title='bbox 0 0 1600 5138; x_wconf 95' lang='lat' dir='ltr'><strong> </strong></span> 
     </span>
    </p>
   </div>
  </div>
 </body>
</html>
