3124 5132
385 543 426 610 38
691 542 727 606 C.
751 539 944 606 vaussntt
972 541 1145 608 FLACCl
1170 545 1196 560 “’

423 669 554 736 Diluvio
571 669 643 752 tali,
658 668 853 759 paribusque
865 668 1071 736 Ariasmenus
1084 685 1179 761 urget

426 783 583 868 Excidiis,
598 784 695 850 uullo'
705 784 831 873 rapiens
844 781 1030 849 discrimine
1042 806 1169 850 cirrus.

425 897 543 988 AEgida
555 913 626 964 tum
641 898 786 988 primum
798 899 889 990 virgo
899 899 1086 989 spirbmque
1098 897 1243 982 Medusae

426 1015 622 1080 Tercentum
637 1013 727 1078 sceris
740 1014 942 1102 squalentem
955 1014 1086 1080 sustulit
1096 1013 1227 1104 hydris,
1247 1021 1250 1030 '

428 1127 536 1211 Quam
550 1126 610 1192 soli
624 1125 766 1209 vidistis,
779 1128 867 1216 equi.
880 1127 986 1194 Pavor
997 1144 1136 1217 occupet
1147 1129 1262 1220 ingens

425 1241 575 1307 Excussis
588 1241 622 1304 in
636 1257 726 1332 terga
738 1241 833 1323 viris,
849 1239 1017 1330 diramque
1033 1257 1200 1330 retorquet
1250 1249 1255 1260 '

426 1357 466 1421 In
483 1354 589 1420 socios
605 1377 672 1420 non
688 1370 805 1443 sponte
817 1355 923 1436 luem3
933 1351 1021 1420 ⁴tunc
1038 1355 1171 1422 ensibus
1187 1356 1279 1422 uncis
1410 1375 1450 1419 too

426 1469 591 1560 Implioat,
604 1483 637 1532 et
650 1466 793 1556 trepidos
804 1467 921 1532 lacerat
933 1467 1102 1534 Discordia
1115 1491 1240 1536 currus.

427 1585 588 1648 Romanas
600 1581 701 1646 veluti
711 1581 881 1646 saevimima
893 1605 996 1671 quum
1007 1583 1150 1673 legiones

428 1696 605 1786 Tisiphone
619 1716 777 1784 regesque
792 1711 917 1778 moret,
934 1719 1077 1785 quorum
1091 1697 1220 1786 agmina
1232 1696 1325 1784 pilis,

429 1813 581 1897 Quorum
598 1809 713 1900 equilis
728 1811 892 1899 utrimque
907 1811 1047 1894 micent,
1063 1811 1243 1901 cademque
1261 1811 1418 1877 Parentis¹

429 1928 516 1992 Rura
531 1924 661 2006 colunt,
678 1921 764 1990 idem
780 1924 879 1990 lectos
894 1946 935 1990 cx
949 1924 1103 1990 omuibus
1120 1925 1204 2016 egris
1411 1937 1450 1985 tot

418 2133 472 2182 ros.
489 2127 589 2186 ριοηηι
605 2121 704 2188 aquatis.
714 2121 790 2170 varie.
808 2121 862 2170 eod.
881 2125 982 2184 ριοωι
995 2121 1082 2191 quatis.
1100 2124 1191 2172 neuun
1208 2121 1261 2171 eod.
1278 2131 1303 2170 et
1322 2123 1415 2176 maon
1432 2121 1452 2166 t.

389 2209 466 2270 Atqu
477 2203 569 2268 aquilis.
579 2203 671 2250 mum.
681 2201 714 2248 n.
724 2201 768 2249 sn.

388 2373 456 2428 ciem
465 2370 547 2425 rumis
557 2387 662 2443 nqeue
674 2387 690 2423 e
701 2368 847 2441 longinquo
860 2369 898 2421 ri·
941 2373 1051 2439 biplicut
1063 2373 1212 2432 Discordia,
1230 2384 1256 2422 er
1274 2373 1379 2439 mptum
1392 2369 1454 2438 (sic

389 2451 524 2506 dotentur·
941 2449 1190 2519 trepidapuppis,V,
1201 2466 1249 2502 aa!
1260 2451 1456 2518 mpt'daplatt·

425 2528 805 2600 396.erero,qunmtam
817 2544 899 2598 grove
939 2526 1153 2596 meumst)
1173 2533 1269 2582 lacem
1279 2547 1372 2582 mnus.
1446 2577 1449 2586 ,

389 2605 544 2681 Argonautis
554 2605 609 2660 suia
621 2605 768 2678 periculum
781 2605 899 2660 immne-
978 2605 1099 2668 loadloc
1107 2607 1253 2662 illustratur
1259 2606 1456 2679 comparatione

389 2699 444 2750 ret,
458 2685 543 2739 Pallas
558 2685 616 2758 ipsa
629 2685 658 2738 iu
675 2686 797 2757 prelium
812 2683 899 2749 redit,
943 2701 959 2738 n
976 2681 1052 2736 bellis
1069 2685 1246 2740 Romanorum
1263 2685 1386 2740 civilibus
1405 2685 1455 2740 de·

388 2777 544 2838 tantumque
564 2775 692 2818 terrorem
707 2763 793 2836 injicit
810 2763 899 2836 cquis,
943 2773 1057 2836 sumpta.
1067 2768 1192 2818 Romanus
1205 2768 1283 2820 veluti
1292 2767 1400 2836 kpdoaes
1413 2767 1456 2816 tt·-

390 2857 421 2899 ut
434 2861 529 2898 currus
544 2843 634 2898 falcati
646 2841 675 2896 iu
692 2842 764 2914 ipsos
779 2841 901 2898 domiuo·
944 2844 1043 2911 sr'ploae
1052 2856 1130 2896 movet
1137 2861 1272 2914 regesque,
1281 2843 1363 2898 duces
1371 2843 1458 2897 omui·

390 2926 536 2988 irruerent,
549 2921 658 2994 ipseque
669 2921 837 2975 Ariasmenus
846 2919 901 2974 dis·
943 2938 996 2986 no,
1010 2939 1065 2992 quo
1075 2939 1154 2976 sensu
1165 2939 1234 2996 sepe
1244 2922 1315 2995 apud
1328 2924 1457 2978 rtosunm

392 2999 900 3070 secaretur.AEgidamrapar'mun(conl.
944 2999 1103 3064 babuimus;
1131 3000 1198 3054 nihil
1220 3001 1342 3074 amplius.
1370 3000 1459 3054 Nimis

392 3097 485 3154 snpra,
496 3097 523 3132 r.
535 3081 601 3149 176)
610 3077 694 3131 Pallas
706 3089 839 3149 caputque
851 3082 901 3130 Me
944 3079 1022 3138 docte
1029 3077 1064 3132 de
1071 3097 1183 3150 regnum
1192 3079 1257 3134 olim
1268 3079 1458 3135 affectantibus

391 3163 475 3220 dusoe,
486 3157 563 3229 cujus
572 3155 715 3210 terribilem
727 3155 839 3214 somnam
848 3155 900 3208 cir·
944 3159 1046 3216 Curare
1054 3170 1081 3211 et
1089 3158 1214 3230 Pompeio
1226 3159 1409 3222 Burmannus,
1423 3157 1459 3212 de

391 3234 593 3291 cumscribeudo
604 3245 682 3306 suget
698 3245 792 3305 poeta:
811 3237 902 3302 spiram
944 3237 1460 3303 Galha‚0thoueetvitellioCaseubo-

392 3321 502 3370 Medusa
514 3329 646 3367 temanum
663 3317 732 3366 savir
751 3317 901 3381 squalentem
945 3335 997 3370 uns
1009 3315 1280 3388 explicurcridentur.

392 3399 474 3460 hydris
479 3433 525 3448 .....
537 3396 648 3458 smerdis,
659 3392 808 3458 litlanton,
821 3405 850 3445 ut
861 3411 902 3448 so·
981 3395 1043 3459 ⁴⁰3·
1054 3399 1270 3465 Quemnagmiuu
1274 3399 1344 3467 pilis,
1356 3396 1462 3450 hastili·

392 3475 410 3526 li
422 3471 621 3544 equividerent.
946 3474 996 3530 bus
1014 3473 1065 3528 illis
1085 3473 1224 3542 brevibus,
1240 3476 1324 3530 ferrea
1345 3475 1461 3548 cnspidc

429 3552 490 3626 398.
503 3553 600 3622 Pavor(
610 3563 639 3603 nt
651 3568 764 3624 ροηοιιι
782 3549 903 3606 conside·
946 3550 1071 3616 munitis,
1083 3551 1179 3624 quibus
1191 3552 1331 3626 pleresque
1344 3555 1461 3608 Romani

392 3643 479 3695 ratus,
493 3629 532 3684 uti
544 3629 624 3684 etiam
635 3631 724 3703 paullo
733 3643 792 3704 post
801 3634 901 3683 Discor-
945 3631 1070 3686 victorius
1082 3630 1231 3696 debebant,
1242 3635 1367 3702 etoqailis
1376 3637 1462 3686 aasen-

392 3713 452 3772 dia,
473 3727 532 3780 qne
554 3709 650 3763 Pauori
670 3709 750 3762 etiarn
767 3709 902 3782 jungitur,
947 3729 994 3780 que
1007 3713 1113 3772 micant,
1126 3713 1261 3778 eadernqur
1274 3715 1384 3764 Parentis
1399 3715 1463 3783 (sic

392 3791 436 3855 ll,
452 3789 516 3856 acl)
525 3803 627 3856 occupat
637 3807 735 3860 equos,
746 3799 776 3841 ut
785 3800 901 3843 vectores
945 3788 1014 3861 typis
1023 3787 1134 3860 exprimi
1139 3789 1204 3860 jussi
1213 3789 1287 3844 litera
1294 3792 1463 3863 majuscula,

394 3867 538 3922 excutiant·
945 3879 974 3920 ut
986 3868 1020 3922 sit
1035 3886 1087 3941 pro
1102 3867 1192 3921 Patria
1210 3869 1312 3932 Roma,
1329 3869 1465 3925 suadente

430 3948 490 4018 399.
508 3948 643 4013 mamque
666 3958 786 4012 κίοι-φησι
807 3951 837 3998 In
860 3967 901 3999 so·
944 3946 1146 4011 Friesemanno,
1160 3966 1188 4019 p·
1208 3949 1342 4016 ttulrura
1355 3954 1463 4012 colunt,-

394 4031 444 4078 οἱον
460 4045 509 4078 aon
525 4037 609 4094 sponte
620 4027 682 4076 luem
690 4062 699 4086 ,
712 4023 899 4088 efficitl’evor‚
945 4027 1009 4080 idem
1021 4030 1119 4092 llryln's
1132 4029 1220 4096 infelix
1240 4031 1315 4082 lectus
1325 4049 1360 4081 ea·
1379 4036 1465 4082 omm'·

394 4117 423 4157 ut
441 4104 502 4174 equi
516 4101 591 4157 iuviti
606 4113 685 4174 atque
701 4102 777 4158 inscii
798 4102 901 4158 cladem
945 4109 987 4158 llus
998 4109 1081 4174 agris,
1093 4125 1186 4160 omues
1195 4109 1297 4162 accolas
1304 4123 1367 4162 snos
1377 4147 1386 4172 ,
1396 4115 1468 4163 misr'r

394 4183 563 4253 agitatoribus
572 4181 626 4240 suit
636 4181 771 4236 inferrent.
946 4185 1300 4257 nonadlsoeccivilluproelia.
1311 4185 1468 4246 Adumbra·

429 4269 486 4332 4⁰⁰·
496 4267 563 4314 Tunc
575 4265 669 4315 ensibus
681 4265 766 4322 uncis,
778 4261 901 4326 falcibus,
946 4277 1001 4318 tum
1011 4284 1042 4320 or
1049 4265 1144 4336 virgil.
1154 4268 1211 4320 AEn.
1223 4267 1335 4334 1V‚646
1345 4285 1351 4321 :
1365 4289 1468 4322 ensem·
