3150 5126
390 545 455 609 356
772 539 1070 607 CATALOGUS

392 667 565 746 -Conler,
579 688 651 754 qua
665 663 809 752 Verheylr
821 663 861 730 ad
875 668 995 730 Antun.
1013 664 1149 729 Liberal.
1168 687 1236 753 cap.
1256 685 1304 751 17,
1332 688 1363 753 p.
1392 665 1455 728 115

391 795 456 860 seq.
474 771 516 838 de
532 771 596 835 hoc
613 771 674 835 late
691 771 846 859 disputat.
868 772 972 835 Ηιιιι.

434 918 598 998 CALdlS,
616 939 689 980 cum
716 917 813 979 fratre
835 915 962 996 ZETE,
978 914 1045 978 nati
1063 937 1102 978 ex
1121 917 1219 978 llorea
1237 932 1269 980 et
1287 915 1453 1004 Orithyia,

389 1023 545 1111 quae'lilia
569 1022 629 1085 fuit
651 1019 822 1084 Erechthei
845 1019 1049 1086 Atheniensis
1068 1021 1168 1108 regis,
1186 1018 1241 1086 filii
1259 1020 1453 1100 Pandionis;

388 1129 428 1192 ab
438 1127 886 1216 omnibusinterdrgonautas
897 1126 996 1204 relati,
1008 1140 1045 1188 ut
1056 1140 1089 1188 ct
1099 1125 1140 1188 ab
1152 1124 1313 1215 Oppiano,
1325 1129 1449 1216 Cyneg.

388 1235 434 1313 ll,
446 1257 492 1299 vs.
503 1234 579 1297 621.
594 1233 654 1298 llic
669 1233 799 1312 boreas,
815 1229 899 1295 lilius
916 1231 1098 1318 Strymonis
1113 1253 1131 1294 a
1148 1231 1341 1317 quibusdam
1358 1232 1452 1296 habi·

388 1355 451 1418 tus,
465 1361 520 1404 rex
531 1337 672 1402 Thracia
683 1335 767 1424 (vide
780 1336 888 1403 Schol.
903 1337 1054 1426 Apollon.
1067 1335 1122 1400 lib.
1134 1337 1166 1418 I,
1180 1359 1216 1400 21
1226 1337 1267 1425 ι),
1277 1337 1332 1425 qui
1344 1341 1452 1426 rapuit

387 1469 426 1510 ex
440 1445 540 1510 Attica
552 1443 745 1532 Orithyiam,
757 1443 929 1508 Erechthei
946 1441 1061 1523 filiam,
1073 1442 1146 1506 vide
1159 1443 1306 1531 Apollod.
1320 1443 1376 1507 lib.
1387 1445 1450 1526 lll,

390 1554 445 1632 14,
459 1561 474 1626 ς
489 1573 520 1614 a.
541 1549 648 1614 Schol.
664 1548 795 1614 Pindari
813 1548 854 1613 ad
877 1548 961 1614 Pith.
976 1547 1126 1630 1V,32s,
1144 1547 1239 1613 docet
1254 1551 1388 1612 lioream
1401 1551 1450 1614 vi-

387 1679 458 1718 ιιιιιι
482 1655 655 1744 quemdam
669 1654 826 1718 Thracem
843 1653 959 1733 fuisse,
973 1654 1047 1739 quia
1061 1653 1201 1719 Thracas
1218 1653 1320 1718 Graeci
1341 1667 1448 1735 Βοριὶως

385 1778 555 1842 vocarent,
568 1776 600 1824 et
616 1759 697 1824 filios
714 1763 821 1824 borea
832 1759 919 1824 venti
935 1759 1054 1841 dictos,
1066 1761 1140 1849 quia
1156 1776 1246 1824 erant
1257 1760 1449 1826 velocissimi

385 1865 586 1955 pedibus30t
612 1867 729 1932 Calain
754 1866 879 1931 dictum
908 1866 998 1954 quasi
1024 1866 1339 1947 marturaspcten,
1356 1869 1448 1955 quasi

385 1983 486 2047 ζαήτιι,
498 1973 518 2036 i.
532 1995 561 2036 e.
573 1981 637 2053 ἄγαν
649 1983 726 2035 aava
736 1981 778 2035 καὶ
788 1983 913 2047 πνέοντα,
929 1971 1048 2059 quibus
1059 1971 1173 2034 similia
1189 1971 1285 2034 habet
1299 1973 1447 2036 Eustath.

384 2077 425 2141 ad
443 2075 559 2166 Odyss.
572 2078 612 2157 V,
624 2077 707 2141 circa
729 2073 785 2141 lin.
809 2099 880 2166 pag.
906 2079 988 2158 240,
1006 2075 1057 2140 ed.
1080 2075 1171 2140 Brsil.
1196 2077 1273 2140 Stat.
1289 2076 1395 2140 Theb.
1409 2077 1450 2158 V,

383 2185 466 2263 406,
486 2183 565 2248 velis
590 2183 826 2247 ministrantem
853 2179 968 2247 Calain
991 2181 1138 2260 inducit,
1161 2180 1249 2245 unde
1273 2184 1356 2245 forte
1381 2185 1447 2246 alas

383 2289 444 2377 ipsi
467 2287 651 2352 tribuerunt
673 2303 792 2376 poeta,
809 2286 924 2351 eodem
943 2285 1042 2351 modo
1060 2302 1097 2351 ut
1117 2286 1248 2362 Perseo,
1265 2287 1396 2351 Daedalo
1414 2305 1450 2352 et

382 2396 465 2475 aliis,
480 2411 516 2459 ut
535 2408 650 2457 notum
666 2410 715 2458 est
732 2415 770 2457 ex
787 2393 994 2483 Mythologis.
1012 2393 1148 2457 Matrem
1170 2393 1347 2478 Orithyiam
1365 2417 1448 2457 con·

381 2498 526 2564 lundunt
550 2497 784 2586 quidam-cum
811 2499 870 2562 alia
893 2501 961 2580 ejus
984 2499 1144 2562 nominis:
1163 2499 1330 2564 Scholiast.
1356 2501 1448 2563 enirn

382 2606 531 2693 Apollon.
555 2605 575 2668 l.
600 2606 620 2668 l.
643 2605 717 2668 facit
733 2605 887 2691 Cecropis
904 2603 1017 2686 filiam,
1039 2627 1141 2692 quum
1162 2604 1230 2667 haec
1250 2605 1348 2668 suerit
1365 2607 1449 2668 Ere-

382 2711 509 2792 chthei,
521 2712 619 2776 altera
631 2733 707 2774 vcro
717 2710 869 2798 Cecropis
889 2711 919 2773 ll
930 2757 939 2790 ,
950 2731 1039 2797 quae,
1055 2727 1157 2797 nupta
1175 2709 1361 2790 Macedoni,
1377 2713 1449 2774 Eu-

381 2816 653 2905 ropum‘gcnuit,
668 2831 749 2880 teste
776 2813 957 2903 Stephano;
969 2814 1043 2878 vide
1068 2813 1188 2879 Meurs.
1214 2817 1292 2902 Reg.
1310 2817 1372 2879 Au.
1394 2817 1449 2896 ll,

380 2945 448 3009 cap.
468 2920 506 2984 13
523 2937 556 2984 et
573 2923 622 2998 td.
640 2921 791 2983 Sororem
806 2918 950 2982 habuere
966 2919 1000 2981 hi
1013 2921 1206 3008 Argonauta
1225 2919 1447 3008 Cleopatram,

381 3049 453 3113 quae
476 3041 577 3113 nupta
600 3024 741 3104 Phineo;
762 3022 803 3088 de
822 3045 885 3112 qua
909 3039 1019 3087 noster
1041 3025 1144 3088 llaec.
1168 3024 1224 3088 lib.
1245 3023 1300 3105 lV,
1313 3027 1394 3106 464,
1412 3045 1449 3092 et

380 3129 472 3209 cujus
496 3129 664 3193 historiam
686 3144 813 3192 enarrat
830 3128 1003 3192 Triclinius
1023 3127 1064 3192 ad
1085 3127 1225 3217 Sophoc.
1245 3129 1352 3219 Antig.
1368 3146 1470 3218 9723·

380 3253 413 3300 et
426 3235 594 3300 Scholiast.
609 3234 743 3298 advers.
759 3255 842 3320 992,
857 3232 898 3298 ad
912 3255 1007 3321 quem
1024 3233 1129 3298 obiter
1139 3235 1338 3318 notandum,
1352 3237 1450 3302 illum

380 3339 598 3421 Scholiasten,
613 3339 758 3426 quisquis
773 3338 831 3419 sit,
841 3361 969 3402 narrare
982 3341 1150 3403 maximam
1162 3357 1285 3427 partem
1297 3363 1337 3404 ex
1347 3343 1452 3429 Apol-

381 3445 483 3510 lodori
501 3442 712 3518 bibliotheca,
726 3443 759 3507 in
774 3442 866 3523 cujus
882 3459 990 3508 tamen
1008 3443 1064 3508 lib.
1081 3445 1145 3525 lll,
1158 3467 1226 3532 cap.
1248 3449 1331 3526 ι4,ς
1351 3467 1381 3526 a,
1399 3448 1452 3510 ita

379 3567 417 3614 ut
439 3571 498 3614 nos
522 3549 694 3630 habemus,
708 3565 741 3612 et
759 3549 860 3629 aliter,
877 3563 909 3612 et
927 3549 1056 3614 brevius
1075 3565 1241 3615 narratur:
1256 3549 1344 3614 unde
1366 3573 1454 3616 con-

378 3656 496 3722 firmari
513 3671 620 3743 posset
634 3655 746 3742 opinio
763 3655 883 3719 barthii
897 3655 937 3718 ad
951 3657 1028 3719 Stat.
1040 3655 1142 3720 Theb.
1156 3657 1189 3737 1,
1208 3679 1245 3720 ra
1254 3679 1280 3733 ι,
1299 3679 1359 3720 nos
1374 3673 1453 3722 tan-

377 3782 447 3828 tum
464 3761 572 3851 magni
585 3777 618 3826 et
629 3760 779 3824 immensi
789 3762 895 3850 operis
907 3745 1117 3852 M'ythologici
1131 3763 1250 3826 habere
1267 3763 1452 3850 epitomen.

376 3871 424 3934 Ex
442 3870 503 3933 hac
522 3866 691 3955 Cleopatra
717 3866 858 3930 Phineus
881 3867 956 3930 tulit
983 3867 1171 3956 Plexiopum
1195 3883 1227 3932 et
1252 3867 1452 3950 Pandam,

376 3976 443 4056 vel,
456 3989 493 4038 ut
511 3973 580 4054 alii,
600 3969 793 4050 Gerumbom
815 3987 847 4034 et
869 3971 1063 4060 Aspoudum.
1082 3973 1149 4036 Hos
1174 3971 1215 4036 ad
1237 3973 1454 4062 Argonautas

376 4081 517 4159 venisse,
531 4093 644 4142 contra
659 4077 790 4157 injurias
802 4099 947 4141 novercae
960 4077 1074 4140 auxilia
1088 4093 1252 4166 petentes,
1263 4095 1294 4142 et
1311 4102 1388 4142 cum
1404 4081 1457 4146 iis

377 4186 493 4249 abiisse
511 4184 544 4246 in
562 4181 717 4247 Colchida
735 4198 840 4246 narrat
854 4180 950 4247 Diod.
967 4183 1028 4247 Sic.
1046 4183 1103 4246 lib.
1124 4184 1178 4265 lV,
1195 4207 1266 4273 pag.
1287 4206 1365 4270 ¹7²3
1380 4185 1457 4250 hos

378 4287 533 4354 Boreadas
550 4303 696 4352 mortuos
717 4309 785 4351 esse
807 4288 841 4352 in
864 4285 1096 4375 persequendis
1114 4289 1262 4376 Harpyiis
1281 4289 1459 4378 quosdam
