3220 5128
485 535 905 600 ARGONAUTARUM.
1167 537 1234 622 389
1286 609 1288 618 ¹

105 695 110 706 ·
164 661 269 732 niam,
286 655 390 722 donec
404 681 420 720 a
436 657 559 722 meliori
579 655 690 721 codice
710 657 868 722 medicina
883 676 1052 748 appareat,
1068 662 1117 726 vel
1136 659 1233 725 indu-

166 762 273 828 bitatis
289 762 487 852 argumentis
506 763 559 828 hic
579 763 700 827 lxitren
723 765 880 852 probetur
900 767 999 830 fuisse
1023 768 1108 830 inter
1127 771 1231 855 Argo·

169 885 292 933 nautas.

212 1095 341 1180 JASON
351 1164 360 1198 ,
378 1119 503 1179 AEsouis
518 1116 621 1197 filius,
641 1115 708 1180 dux
726 1133 759 1180 et
774 1117 925 1205 princeps
942 1117 1154 1203 expeditionis
1172 1121 1231 1180 Ar·

169 1221 364 1308 gnnautieae,
391 1221 470 1284 nulli
500 1244 565 1284 non
595 1239 693 1285 notus
717 1239 749 1285 et
774 1221 971 1301 celebratus,
996 1220 1135 1310 ideoque
1163 1223 1232 1302 ejus

170 1341 321 1406 stemma,
341 1322 431 1412 quod
456 1349 530 1389 curn
556 1327 709 1391 omnibus
727 1325 904 1390 Cretheidis
923 1341 955 1388 et
977 1324 1112 1390 AEolidis
1141 1351 1232 1391 eorn-

170 1430 269 1493 mune
291 1429 422 1502 habuit,
443 1453 509 1504 non
535 1430 733 1495 deducemus
759 1431 947 1518 operosius,
966 1455 1026 1494 nec
1044 1433 1141 1495 vitam
1164 1433 1232 1513 ejus

170 1557 300 1599 omnem
319 1535 551 1600 enarrabimus.
572 1539 621 1600 De
637 1552 738 1600 matre
755 1537 823 1616 ejus
840 1537 954 1624 ingens
969 1535 1129 1600 discordia
1140 1538 1234 1600 Vete-

171 1662 256 1703 rum.
289 1641 513 1704 Comnruniter
538 1641 697 1704 Alcimede
729 1641 860 1728 Phylaci
895 1639 957 1704 lilia
986 1643 1148 1705 statuitur.
1184 1643 1232 1705 lta

170 1745 320 1833 Apollon.
337 1747 370 1826 1,
387 1751 447 1833 473
462 1746 531 1810 vat.
547 1747 649 1811 Flacc.
666 1749 699 1830 l,
719 1745 799 1833 2953
813 1747 979 1836 Hyginus,
996 1747 1060 1810 fab.
1071 1746 1099 1810 «3
1120 1763 1151 1810 et
1172 1750 1230 1828 ll,

172 1868 202 1914 et
222 1849 316 1915 Ovid.
335 1852 434 1941 Epist.
446 1852 505 1934 VI,
527 1851 597 1917 105.
618 1853 722 1933 Hujus
742 1854 838 1916 etiam
858 1875 960 1942 genus
978 1853 1149 1916 incertum.
1163 1854 1232 1941 Hy·
1263 1870 1266 1878 ·

172 1956 265 2044 gintm
283 1954 361 2020 dicit
377 1955 561 2020 Alerinedee
578 1956 674 2021 filiam
693 1979 762 2020 esse
781 1957 936 2042 Clymeni,
961 1957 1019 2021 ubi
1037 1957 1233 2021 Mezenacus
1296 2023 1300 2030 ,

171 2061 211 2124 ad
228 2061 321 2126 Ovid.
343 2063 442 2151 Epist.
460 2063 503 2127 vl
529 2065 622 2128 initio
643 2063 816 2152 legendum
838 2081 948 2128 censet
966 2064 1138 2150 Clymenes,
1162 2087 1234 2152 quar

172 2185 274 2232 mater
291 2168 468 2232 Alcimedes
485 2169 565 2250 luit,
588 2169 649 2232 salia
667 2170 802 2257 Minyae;
819 2170 884 2234 vid.
905 2171 1010 2234 Schol.
1031 2170 1179 2257 Apollon.
1198 2172 1233 2250 l,

177 2273 256 2353 230,
277 2289 308 2336 et
324 2297 421 2361 supra
437 2274 472 2338 in
488 2275 632 2338 Admeto.
655 2277 703 2338 De
723 2275 862 2358 Playlaco
885 2273 1025 2339 vidimus
1046 2275 1079 2338 in
1097 2275 1236 2364 Iphiclo,-

174 2402 247 2442 nam
264 2379 409 2465 Clymene
425 2379 554 2468 Phylaci
572 2403 654 2442 uxor
677 2381 772 2442 etiam
792 2381 960 2444 Scholiasti
978 2380 1017 2444 ad
1035 2404 1081 2444 rs.
1098 2381 1152 2461 45,
1176 2379 1233 2444 ubi

173 2485 263 2549 addit
279 2485 483 2550 Herodotum
501 2486 705 2574 Polyphemus
725 2509 838 2550 vocare
856 2503 990 2551 matrem
1007 2488 1146 2569 lasonis,
1162 2511 1234 2574 qnae

173 2609 239 2656 erat
255 2591 317 2656 filia
333 2593 499 2680 Autolyci,
521 2615 592 2679 quae
610 2615 626 2654 a
645 2594 776 2672 Tzetze,
796 2591 930 2656 Chiliad.
946 2593 1024 2672 Vll,
1041 2594 1099 2678 96,
1115 2592 1234 2657 dicitur

173 2691 331 2777 Polymele
340 2740 349 2772 ,
370 2709 401 2756 et
418 2692 509 2772 cujus
524 2716 617 2756 soror
629 2693 819 2756 Alcimedea
838 2691 1050 2780 quibusdam,
1070 2709 1171 2756 mater
1181 2694 1234 2756 Ja-

174 2800 260 2862 sonis
277 2798 423 2862 habetur.
435 2799 487 2863 Ab
496 2797 708 2886 Apollodoro,
727 2797 781 2862 lib.
797 2800 828 2879 l,
844 2821 912 2885 cap.
927 2821 965 2884 9,
978 2808 993 2873 s
1007 2801 1056 2879 16,
1066 2800 1236 2884 Polymede

173 2903 323 2993 Autolyci
342 2902 405 2968 filia
422 2921 571 2986 vocatur,
589 2921 627 2966 ut
642 2905 738 2967 etiam
757 2919 849 2966 vocat
865 2905 995 2967 'l’zetaes
1013 2902 1054 2968 ad
1073 2904 1233 2992 Lycophr.

175 3009 322 3096 872,qui
339 3010 382 3073 ibi
400 3010 495 3072 etiam
513 3010 592 3072 alios
607 3011 718 3072 Amen
735 3025 870 3072 matrem
887 3011 991 3072 l'acere
1006 3010 1131 3090 scribit,
1146 3009 1236 3098 quod

175 3138 294 3178 nomen
321 3115 352 3178 in
371 3113 573 3178 AEolidarum
597 3114 713 3177 familia
744 3115 898 3180 usitatum
926 3115 1025 3179 fuisse
1053 3115 1149 3180 docet
1172 3117 1236 3180 ‘alia

174 3225 260 3284 Arne
276 3245 312 3284 ex
330 3221 415 3285 AEoti
432 3244 567 3310 genere,
584 3243 681 3307 quam
700 3219 839 3284 vidimus
860 3245 898 3284 ex
915 3222 1059 3286 Diodoro
1075 3223 1183 3287 Siculo
1202 3224 1234 3287 in

173 3325 382 3415 Htppaleimo.
405 3327 497 3390 Hanc
513 3331 624 3391 Arnen
643 3329 683 3391 ab
701 3327 769 3390 aliis
786 3328 963 3415 Scarphen,
984 3329 1048 3408 vel,
1068 3345 1104 3392 ut
1120 3330 1238 3420 legitur

175 3433 207 3494 in
223 3432 316 3494 variis
332 3432 525 3495 lectionibus
542 3433 677 3519 nuperae'
692 3429 860 3504 editionis,
882 3433 1059 3520 Seraplten,
1086 3433 1136 3496 vel
1159 3435 1236 3497 Sca·

168 3537 253 3624 plreu
263 3584 273 3616 ,
299 3537 404 3601 vocari
428 3538 473 3600 ait
488 3538 630 3600 Tzetzes
664 3537 715 3600 Ab
736 3537 824 3598 Arae
841 3535 928 3600 AEoli
947 3537 1080 3602 secundi
1099 3537 1181 3620 filia,
1206 3557 1238 3603 et

176 3657 276 3704 matre
296 3643 412 3724 Boeoti,
433 3643 511 3706 urbs
524 3643 694 3706 Thessaliae
706 3645 813 3720 Arne,
842 3658 921 3706 teste
940 3644 1120 3730 Stephano,
1137 3644 1238 3724 dicta,

176 3744 297 3832 dequo
308 3747 492 3824 oraculum,
505 3747 567 3827 Ᾰρνη
584 3757 719 3826 ,repeteres
731 3757 796 3826 μίνιι
812 3755 923 3807 uteros
939 3752 1036 3828 ἄνδρα,
1053 3747 1145 3827 cujus
1162 3771 1236 3811 sen-

175 3871 230 3911 sus
248 3849 423 3934 obscurus3
451 3850 507 3934 sed
524 3865 633 3939 potest
654 3850 694 3913 ad
716 3848 817 3913 filiurn
835 3851 903 3930 ejus
922 3849 1064 3915 Boeotum
1084 3852 1168 3916 forte
1185 3877 1237 3916 re-

174 3953 271 4018 ferri:
292 3970 330 4019 ut
346 3956 431 4019 eninr
448 3958 536 4019 Arne
553 3977 671 4018 nomen
687 3953 801 4019 habuit
817 3976 834 4017 a
852 3971 960 4041 patre,
977 3955 1032 4042 qui
1050 3955 1237 4022 abundabat

173 4061 308 4141 ovibus,
328 4061 370 4124 ita
377 4061 439 4140 ‚illa
457 4085 495 4126 ex
512 4061 666 4150 Neptuno
683 4058 785 4122 filium
802 4063 939 4146 pariens,
959 4061 1103 4126 lloeotum
1127 4064 1238 4151 appel-

174 4167 252 4248 lavit
264 4190 283 4230 a
297 4165 421 4247 bobus;
435 4167 499 4230 rid.
513 4167 660 4230 Eustath.
674 4165 714 4229 ad
734 4166 866 4230 Homer.
884 4165 973 4232 Iliad.
994 4169 1042 4250 ll,
1060 4167 1133 4256 507,
1146 4185 1178 4231 et
1196 4169 1237 4232 ad

173 4265 307 4360 Dionys.
327 4271 448 4360 Perieg.
465 4294 509 4336 vs.
530 4272 612 4355 426,
638 4287 670 4335 et
686 4271 871 4360 Etymologi
889 4274 998 4362 magni
1015 4288 1181 4338 auctorem
1201 4275 1235 4337 in
