3102 5128
399 513 439 575 92
699 493 734 554 c.
758 491 952 554 vannum
981 490 1150 554 vercor
1495 491 1505 552 r

438 606 479 664 ita
498 605 609 663 facilem
628 623 658 662 se
676 601 803 682 praebet,
818 617 851 662 ut
866 616 958 662 toturn
978 603 1040 681 ipsa
1053 603 1201 680 negotium
1214 604 1244 661 in
1263 623 1294 662 ae
1308 606 1448 684 suscipere
1489 623 1505 678 t

439 697 512 756 velle
525 695 689 776 promittat,
704 696 830 773 posmlat
846 707 956 766 tamen,
977 707 1010 752 ut
1022 700 1158 774 tasonem
1170 713 1224 772 per
1234 693 1341 754 Itidem
1351 695 1447 773 jubeat
1487 719 1503 752 a.

438 790 469 847 in
485 790 551 846 luco
566 786 603 846 ad
619 786 720 847 urbem
739 787 847 846 adesse.
867 787 921 845 Iris
935 785 1022 864 igitur
1041 789 1192 858 lasooem,
1210 791 1307 845 Venm
1321 786 1449 846 Medeam
1487 813 1506 848 vr

440 879 604 952 adit31uno
620 881 650 938 in
664 883 792 939 Caucaso
807 876 938 936 considet
957 890 1068 948 monte,
1085 878 1128 935 rei
1144 890 1280 937 eventum
1303 894 1450 957 exspecta-
1497 930 1502 940 .

439 985 520 1046 tura,
534 991 689 1048 171-192.
711 970 830 1030 Eminus
843 969 938 1028 adhuc
952 969 1010 1028 vim
1028 969 1121 1029 exerit
1135 975 1232 1030 Venus
1253 971 1282 1028 in
1299 971 1448 1044 Medeam,
1497 999 1506 1032 s

437 1087 502 1144 quae
515 1079 651 1124 etsecum
663 1063 742 1143 ipsa,
754 1075 858 1122 etcum
874 1067 980 1122 lasone
993 1063 1114 1141 loquens
1126 1061 1283 1136 inducitur,
1300 1067 1375 1140 193-
1385 1084 1449 1141 ²⁰9·
1495 1116 1507 1126 .,

439 1162 503 1216 Jam
512 1162 626 1227 Venus,
637 1167 782 1232 assumpta
796 1154 893 1212 Circes
903 1154 997 1214 amite
1008 1153 1116 1232 specie,
1135 1155 1210 1213 lecto
1220 1153 1325 1214 assidet
1333 1155 1451 1228 Medeae,
1506 1187 1507 1224 r

438 1249 588 1328 eidemque
597 1247 634 1306 de
651 1247 725 1306 lelici
739 1257 805 1324 post
817 1246 931 1324 longam
945 1244 1103 1304 absentiam
1119 1245 1149 1302 in
1162 1245 1285 1324 patriam
1298 1245 1392 1305 reditu
1403 1249 1452 1305 lae—

439 1340 510 1399 tanti
522 1338 640 1410 suadet,
657 1351 690 1396 ut
700 1338 796 1416 patrio
812 1337 875 1395 solo
891 1357 952 1396 sese
964 1337 1037 1394 nolit
1051 1337 1216 1410 conficere,
1229 1338 1317 1396 immo
1332 1359 1386 1396 suo
1401 1339 1452 1398 ad·
1498 1375 1508 1406 ,

437 1431 546 1490 monita
557 1430 690 1509 exemplo
704 1429 773 1486 alias
789 1441 894 1500 terras,
915 1427 941 1486 si
958 1429 999 1487 ita
1011 1429 1124 1486 occasio
1140 1427 1225 1502 leret,
1240 1449 1299 1488 non
1316 1449 1452 1508 asperne-
1507 1469 1508 1500 r

438 1537 494 1582 tur.
507 1521 610 1594 «Vide,
622 1521 730 1598 inquit,
751 1539 796 1578 me
811 1521 898 1580 Tusci
918 1520 1005 1578 maris
1024 1521 1166 1599 reginam,
1178 1535 1206 1580 te
1221 1541 1307 1595 vero,
1327 1525 1351 1581 si
1373 1522 1453 1580 dorni

439 1615 582 1687 desidetis,
593 1633 679 1692 quam
688 1611 787 1671 helluli
798 1626 914 1672 manent
925 1613 1022 1691 proci,
1033 1617 1183 1687 Sarmatae,
1193 1613 1304 1685 Hiberi,
1316 1615 1453 1674 Gelonils
1508 1668 1509 1688 ,

440 1708 581 1766 aro-236.
596 1713 716 1784 «Apage
727 1725 811 1778 vero,
821 1706 977 1784 respondet
990 1705 1108 1776 Medea,
1120 1718 1162 1764 ast
1178 1706 1247 1777 alia,
1262 1705 1358 1764 nescio
1371 1726 1451 1784 quae,
1506 1749 1509 1780 r

438 1797 551 1857 mordet
566 1799 691 1856 mum
706 1817 791 1868 cura,
803 1817 889 1875 quam
907 1811 938 1855 tu
958 1797 1029 1856 mihi
1050 1800 1145 1856 levare
1164 1811 1260 1876 potcs;
1284 1797 1333 1856 sed
1349 1798 1454 1871 video,
1507 1843 1509 1876 ἶ

439 1911 491 1950 nec
504 1903 533 1948 te
547 1909 632 1968 posse
638 1915 659 1948 ι.
672 1887 783 1962 Quibus
800 1887 884 1948 dictis
899 1890 1058 1966 lacrymam
1078 1903 1163 1968 caput
1177 1890 1207 1947 in
1219 1891 1339 1949 Veneris
1355 1889 1455 1950 condit
1506 1937 1510 1968 ἱ

439 1984 522 2054 sinu,
542 1983 597 2054 ²37
610 2015 625 2025 -
637 1981 702 2039 253.
717 1982 839 2058 Propius
856 2001 932 2038 nuuc
953 1979 989 2038 ad
1004 2000 1064 2038 rem
1078 1979 1188 2038 accedit
1198 1987 1311 2050 Venus,
1336 1994 1367 2038 et
1381 1981 1456 2038 inter
1509 2029 1510 2062 ,

439 2077 510 2134 alios
521 2093 665 2134 sermones
674 2073 735 2132 haec
745 2087 857 2132 namet:
870 2099 883 2124 α
891 2079 966 2132 Dum
980 2072 1038 2131 hue
1047 2072 1221 2144 advolarem,
1231 2073 1290 2132 vidi
1301 2072 1338 2131 ad
1352 2071 1455 2132 urbem

439 2169 535 2227 navim
546 2167 656 2226 abitum
671 2180 836 2245 parantem,
852 2185 888 2223 ex
901 2184 958 2242 qua
969 2164 1078 2243 prodiit
1090 2164 1204 2242 juvenis
1219 2165 1457 2236 formosissimus,

439 2261 502 2337 qui,
516 2280 605 2338 quum
625 2277 711 2316 unam
731 2278 766 2314 ex
790 2255 942 2315 comitibus
961 2257 1017 2316 tuis
1038 2276 1084 2315 me
1108 2276 1170 2314 esse
1190 2257 1370 2334 opinaretur,
1398 2277 1456 2319 suae
1510 2307 1511 2324 ,

439 2351 516 2430 apud
530 2365 558 2410 te
572 2347 769 2410 sollicitudinis
782 2350 968 2427 interpretem
982 2368 1028 2408 me
1045 2349 1137 2408 voluit
1149 2367 1225 2420 esse,
1240 2348 1459 2428 mandavitque,

438 2457 472 2502 ut
491 2443 528 2502 ad
546 2443 683 2501 auxilium
700 2439 754 2498 sibi
775 2439 923 2499 serendum
947 2442 1025 2519 apud
1045 2453 1073 2498 te
1092 2440 1309 2498 intercederem.
1331 2439 1459 2510 Addixi,
1510 2517 1511 2522 ἵ

441 2549 530 2612 tuque
544 2533 619 2604 noli,
628 2551 740 2610 queso,
754 2531 840 2591 fidem
852 2532 966 2590 nomine
981 2543 1031 2590 tuo
1045 2531 1140 2592 datam
1158 2532 1257 2590 lallare
1264 2557 1286 2602 ν,
1299 2531 1356 2599 abl,
1365 2565 1378 2575 -
1388 2551 1459 2608 ²9¹·
1511 2601 1512 2614 χ

439 2631 563 2686 Tantum
579 2645 649 2684 vero
665 2623 758 2698 abest,
771 2637 803 2682 ut
822 2624 867 2683 his
887 2638 1102 2684 commoveatur
1123 2625 1241 2696 Medea,
1255 2639 1287 2682 ut
1300 2625 1401 2702 potius
1416 2625 1460 2682 ira

438 2719 645 2778 excandescens
660 2717 710 2775 vix
724 2735 824 2774 nranus
840 2715 878 2774 ab
891 2717 978 2776 amita
993 2717 1151 2788 contineat,
1165 2735 1248 2774 aures
1259 2715 1398 2774 cervicali
1410 2715 1461 2775 ob·

439 2825 545 2883 struat,
567 2811 698 2887 morique
715 2809 804 2880 malit,
828 2828 914 2886 quam
927 2809 1016 2887 impia
1033 2809 1063 2866 in
1081 2821 1193 2888 patrem
1203 2827 1280 2880 esse,
1293 2827 1350 2882 apa
1362 2827 1462 2884 ·²99·

438 2907 549 2961 Perstat
559 2907 657 2960 Venus
667 2945 675 2975 ,
686 2901 766 2978 sequi
779 2920 809 2958 se
821 2898 921 2977 jubet,
931 2913 960 2959 ct
972 2901 1002 2958 iu
1018 2901 1110 2978 portis
1122 2899 1282 2979 prestolari
1298 2900 1377 2957 velle
1392 2919 1464 2978 pro·

437 2997 525 3055 mittit
542 2995 645 3054 Medea
659 2993 715 3052 sibi
736 2993 848 3066 relicta,
867 2994 962 3071 primo
977 2994 1094 3072 quidem
1117 2991 1204 3052 domo
1220 2990 1363 3050 excedere
1383 2992 1465 3049 nolle

439 3099 525 3158 certa,
536 3105 604 3146 mox
619 3099 712 3144 tamen
724 3086 860 3144 fluctuare
874 3086 991 3164 incipit,
1004 3085 1096 3144 donec
1104 3085 1200 3163 januae
1214 3085 1344 3143 cardines
1360 3084 1465 3142 denuo

439 3191 533 3237 motos
546 3176 646 3236 audire
658 3175 714 3235 sibi
729 3176 852 3250 videtur,
863 3179 1017 3236 300-3aa.
1037 3179 1218 3236 Praevalente
1230 3177 1334 3236 semim
1352 3175 1467 3233 amoris

439 3289 533 3340 semu,
549 3269 695 3347 penetrale
711 3267 807 3339 intrat,
819 3267 870 3326 ubi
884 3268 1072 3328 medicamina
1082 3268 1207 3326 condere
1220 3266 1341 3340 solebat,
1352 3266 1468 3326 herbas

438 3362 614 3439 quaesitura,
634 3359 739 3438 quibus
751 3361 849 3419 losoni
864 3361 983 3420 sortasse
1000 3361 1097 3420 utilem
1112 3375 1249 3439 praestare
1262 3379 1388 3438 operam
1400 3379 1470 3438 pos-

439 3454 484 3512 sit.
495 3453 583 3512 Redit
595 3453 800 3531 aliquantisper
811 3453 915 3531 pudor,
929 3472 988 3531 quo
1000 3455 1045 3524 lit,
1060 3466 1091 3511 ut
1101 3451 1157 3510 sibi
1170 3453 1232 3531 ipsa
1245 3453 1324 3510 malit
1338 3472 1465 3511 veneno

439 3558 560 3604 mortem
582 3545 775 3617 consciscere3
799 3565 866 3605 mox
880 3561 974 3606 tamen
995 3545 1155 3623 juventutis
1172 3559 1201 3605 et
1220 3565 1278 3605 suae
1297 3557 1326 3603 et
1344 3548 1472 3605 Iasonis

439 3657 557 3710 memor,
574 3653 686 3718 patrem
702 3640 833 3698 incusare
847 3639 961 3717 incipit,
975 3639 1025 3716 qui
1042 3637 1127 3696 lidem
1141 3639 1250 3716 hospiti
1264 3637 1367 3695 datam
1382 3640 1472 3696 frau-

440 3729 573 3789 dulenter
584 3729 726 3803 fefellerit,
741 3733 797 3790 323
808 3731 895 3800 -346,
913 3737 1005 3804 Quam
1018 3731 1116 3808 paullo
1134 3742 1200 3787 ante
1213 3742 1370 3806 tantopere
1387 3751 1475 3790 aver-

439 3835 500 3880 sata
513 3834 575 3880 erat
587 3823 706 3895 Circen,
725 3823 801 3881 ultro
812 3822 884 3901 jam,
908 3835 941 3880 ut
958 3823 987 3880 in
1008 3820 1152 3881 servando
1165 3827 1270 3881 Jasone
1282 3841 1311 3880 se
1327 3822 1474 3899 adjuvet,

440 3928 534 3991 optat,
555 3913 717 3992 herbasque
736 3915 844 3992 promit
870 3913 1121 3993 exquisitissimas,
1144 3915 1199 3986 347
1212 3946 1228 3956 -
1240 3916 1306 3986 370.
1329 3915 1478 3974 Tandem

441 4004 535 4064 media
546 4018 644 4078 nocte,
655 4009 759 4064 comite
770 4005 957 4085 blandiloqua
968 4011 1089 4078 Venere,
1102 4005 1241 4084 palatium
1253 4003 1404 4081 relinquit
1416 4020 1478 4065 tre-

441 4097 524 4176 pida,
541 4097 578 4156 ad
590 4110 704 4176 portam
715 4097 795 4156 urbis
811 4101 896 4159 semel
909 4098 1003 4158 adhuc
1015 4097 1145 4168 dubitat,
1165 4097 1260 4175 pergit
1276 4107 1378 4154 tamen
1392 4097 1480 4155 inter

441 4203 540 4248 cantrrs
560 4189 700 4268 magicos,
714 4190 807 4248 donec
823 4191 859 4249 ad
878 4193 974 4250 lucum
995 4191 1090 4260 venit,
1104 4187 1188 4247 unde
1209 4187 1303 4246 statim
1322 4191 1479 4264 provolat

441 4283 543 4366 Jason3
554 4301 613 4358 quo
623 4281 744 4356 lacto,et
756 4282 810 4341 lris
820 4297 847 4340 et
856 4288 951 4342 Venus
963 4283 991 4340 in
1005 4282 1160 4360 Olympum
1174 4280 1304 4350 redeunt,
1313 4279 1354 4350 37
1362 4285 1480 4360 ¹·399·
