3124 5132
348 473 748 544 ARGONAUTICON
778 483 864 547 LIB.
890 486 948 550 VI.
1144 496 1180 560 51

163 605 281 691 Argus:
298 619 477 694 utrumque
493 606 534 670 ab
550 609 642 695 equis
660 610 784 700 ingenti
803 616 940 706 porrigit
954 640 1031 686 arro

161 718 201 781 Et
215 720 373 784 Zacorum
387 735 420 787 et
431 719 590 804 Phalcen3
604 723 747 811 peditem
760 728 857 815 pedes
868 731 977 798 haurit
989 737 1183 809 Amastrum.

163 832 332 921 Sanguinis
348 833 401 896 ille
417 833 550 922 globos,
572 838 741 926 effusaque
755 841 875 908 viscera
889 864 992 935 gestat
1146 875 1183 914 ⁵⁵⁵

162 947 333 1028 Barbarus,
351 961 383 1011 et
399 970 486 1012 cassa
501 949 655 1018 frendens
668 954 851 1022 sublabitur
861 960 920 1032 ira.

201 1064 265 1128 Dat
281 1063 385 1128 Calais
400 1065 564 1130 Barisanta
580 1069 671 1151 heoi,
690 1093 882 1162 semperque
895 1080 1094 1170 propinquat

159 1179 278 1267 Rhipea
295 1180 402 1244 venali
419 1182 626 1248 comitantem
646 1188 803 1274 sanguine
819 1211 954 1280 pugnas.

161 1295 298 1360 Centum
314 1295 396 1360 lecta
414 1294 515 1360 bourn
532 1297 669 1364 bellator
684 1321 837 1390 corpora,
857 1321 990 1396 centum

158 1407 272 1472 Pactus
289 1430 413 1496 equos,
432 1410 483 1474 hia
499 1409 552 1478 flte
568 1414 708 1478 animam
724 1416 900 1507 lucemque
916 1425 1067 1514 rependit
1143 1447 1182 1489 sto

159 1521 322 1604 Crudelis3
340 1524 470 1590 tandem
486 1525 596 1598 duloes
611 1529 677 1608 jam
694 1553 802 1596 cauus
819 1533 852 1598 in
869 1557 962 1602 auras

158 1638 315 1726 Respicit,
332 1662 370 1702 ac
386 1639 475 1706 nulla
489 1642 602 1708 carlum
620 1647 797 1732 reparabile
813 1671 900 1740 gana.
955 1681 959 1693 ·

157 1753 287 1818 Labitur
300 1755 441 1820 intortos
455 1779 513 1844 per
526 1774 673 1847 tempora
689 1765 805 1828 caerula
819 1769 923 1834 crines

156 1865 247 1930 Tunc
266 1890 402 1955 quoque
417 1887 562 1936 materna
576 1873 698 1940 relatus
714 1877 874 1944 arundine
886 1881 1046 1950 Peucron.
1101 1861 1111 1876 l

157 1985 203 2046 At*
211 1983 353 2072 genitrix
368 1971 442 2046 imis
458 1986 575 2072 pariter
591 1985 716 2080 Maeotis
731 1989 772 2054 ab
788 1992 887 2058 antris

156 2098 291 2187 Inplevit
304 2099 460 2188 plangore
477 2100 581 2182 heus,
599 2119 778 2192 natumque
794 2109 940 2191 vocarit,

1055 1591 1072 1618 „
1107 1597 1110 1606 .

145 2286 193 2334 ttt.
215 2287 315 2349 Pom'git
335 2303 400 2334 euro.
417 2285 491 2333 Vatia.
509 2289 600 2334 Bonoru
613 2289 684 2336 eodtl.
705 2292 794 2338 Bonou.
813 2294 823 2338 l
842 2305 865 2339 et
876 2293 907 2342 11.
916 2299 975 2346 Ictu.
992 2301 1057 2347 Cart.
1075 2329 1106 2338 -
1124 2305 1178 2354 556.

118 2365 203 2412 mom.
223 2365 298 2412 tatic.
318 2367 411 2412 Boron.
432 2367 501 2414 codd.
519 2369 608 2414 Boron.
624 2371 635 2414 Ι
655 2378 679 2414 et
698 2371 728 2417 ll.
752 2372 866 2418 trendens
887 2385 927 2422 aut
946 2378 1049 2427 stridens.
1070 2383 1131 2432 tum,
1147 2412 1178 2422 ..

117 2446 162 2508 559.
174 2448 242 2492 tara.
253 2447 346 2492 Bonan.
359 2447 413 2494 eod.
425 2457 448 2492 et
462 2447 516 2496 edd.
529 2457 584 2494 ante
596 2448 674 2495 Heius.
688 2451 750 2495 Loeta
760 2451 886 2500 lominum.
898 2457 963 2503 Carr.
973 2485 1004 2494 -
1013 2459 1066 2516 564,
1077 2463 1176 2514 ΡΜ»,

116 2527 182 2573 cota
191 2539 216 2573 et
224 2527 279 2574 edd.
289 2537 343 2574 anto
353 2530 418 2575 Cat-r,
429 2531 459 2576 ll.
469 2531 512 2575 Eu.
687 2531 689 2538 ⁴

141 2696 195 2738 νος,
210 2671 377 2746 Alciphron,
393 2674 452 2738 111,
469 2693 517 2736 aa,
531 2685 556 2726 et
571 2675 619 2728 ali·
664 2675 750 2746 prium
765 2677 844 2730 latere
856 2691 984 2736 autumat.
997 2683 1096 2738 Omnia
1109 2690 1177 2744 rele-

147 2747 172 2810 ),
193 2755 222 2797 ut
244 2764 373 2817 magnum
399 2745 483 2818 campi
508 2745 619 2818 spatium
663 2754 745 2808 reuda
757 2755 792 2810 ad
806 2776 889 2810 unum
902 2759 1112 2831 Rhipea,vitam
1126 2787 1175 2840 pro

111 2835 284 2900 occuparent,
300 2828 408 2898 podium
422 2829 499 2893 pedes
520 2827 619 2886 haurit,
662 2835 736 2905 equis
746 2835 915 2892 vendentem.
930 2839 999 2892 Mihi
1011 2860 1075 2896 vero
1085 2852 1174 2900 crude-

111 2903 241 2970 ooulodit,
253 2911 406 2958 Amastrum.
662 2917 707 2972 Iis,
726 2927 751 2967 et
767 2916 876 2970 omuino
894 2937 984 2974 verant
1006 2922 1055 2975 561
1076 2937 1103 2978 et
1123 2928 1173 2982 562

144 2987 201 3040 555.
212 2987 348 3053 Sanguinis
358 2987 399 3036 ille
407 2985 543 3054 globum.
555 2985 617 3054 573,
662 2992 836 3065 frigidiuscnli
850 2995 990 3070 videntur)
999 3017 1089 3070 pacttts
1104 3018 1174 3071 erat,

109 3066 227 3130 ingentem
240 3065 372 3131 sanguinis
384 3067 507 3133 undam),
521 3063 616 3132 effmw
662 3087 806 3142 centumque
818 3097 904 3144 equos.

110 3147 261 3210 qaeua'scero
271 3157 364 3210 gestat,
375 3141 468 3205 trahit,
482 3143 524 3195 vel
536 3161 618 3195 manu
697 3155 755 3207 560.
765 3160 808 3206 His
819 3160 861 3208 ille
873 3163 983 3212 animm
994 3166 1121 3232 lucemque
1133 3186 1173 3218 re·

107 3223 247 3295 reprimere
260 3222 328 3275 intra
341 3219 552 3279 ventremroluit
564 3220 618 3291 (sio
656 3239 758 3304 pendit,
779 3235 863 3290 vitam
884 3239 1048 3312 equiparat,
1067 3247 1172 3297 cmdelis

107 3301 213 3356 llomer.
234 3302 268 3354 ll.
291 3301 358 3368 XX,
377 3303 443 3368 1518:
463 3305 534 3375 προτί
554 3305 575 3358 tl
591 3301 617 3356 δ’
661 3315 834 3386 ῐῃςεὶμυιῃ,
1156 3319 1159 3328 ’

105 3383 271 3454 ἵης’ἕντιρι
279 3383 487 3455 prpitii-iaaloz),
497 3397 522 3436 0?
530 3403 617 3444 Μίδαι
697 3395 757 3448 561.
775 3398 875 3458 Caesus,
891 3397 983 3450 melius
985 3401 1082 3466 fessus.

105 3461 190 3522 irrita,
202 3465 373 3532 irafivrrdem
384 3465 527 3524 sublabt'wm
540 3461 617 3516 humi
697 3473 757 3526 563.
770 3475 867 3528 Labitur
874 3487 901 3530 et
910 3483 1030 3540 Praetori,
1039 3484 1172 3550 edaespar

104 3542 230 3614 procidit.
660 3568 768 3619 tempora
778 3557 884 3616 centa,
897 3557 1033 3610 eratenim
1047 3559 1171 3632 nymphae

138 3619 200 3692 557.
213 3625 297 3674 Calais
310 3617 437 3674 interficit
451 3623 556 3690 napea,
569 3621 617 3692 qui
660 3631 767 3686 mariue
788 3629 878 3696 filius,
903 3637 1021 3700 intortos,
1051 3638 1170 3712 crispos,

98 3719 153 3754 nou
171 3702 226 3754 nisi
245 3701 440 3765 mercenarius,
463 3713 490 3754 et
507 3699 615 3774 pratulo
660 3709 769 3764 fortasse
788 3722 892 3774 tamen,
909 3716 1026 3772 intonsos.

97 3793 226 3854 accepto,
240 3779 269 3834 in
282 3780 431 3852 praeliorum
448 3781 614 3834 communio·
695 3787 755 3842 565.
766 3787 852 3844 Mater
874 3796 970 3844 Mentis
990 3796 1091 3849 obitum
1114 3798 1170 3869 ejus

96 3879 160 3914 nem
173 3861 305 3914 veniebat.
658 3866 793 3938 deplorat,
807 3883 940 3938 eroumque
955 3871 1106 3928 desiderans
1119 3896 1168 3926 ao·

131 3939 197 4007 559.
214 3945 312 3992 Centum
339 3958 435 4012 nempe
461 3944 524 3992 lecta
545 3943 614 3992 boum
658 3961 712 4006 cut,
722 3951 778 4016 jam
796 3969 845 4000 non
864 3971 913 4018 per
929 3954 1008 4020 rapas,
1031 3974 1078 4020 per
1095 3975 1170 4008 curva

91 4039 218 4088 corpora,
230 4019 364 4092 egregios,
373 4037 481 4090 magnos
491 4020 614 4091 pinguea-
659 4041 764 4092 stagera,
772 4027 876 4098 paludis
883 4030 1018 4084 Maeotidos
1026 4032 1169 4100 anfractus,

90 4117 148 4170 qne
169 4101 269 4160 borea,
287 4102 413 4166 bellator(
420 4097 524 4164 nescio,
548 4097 615 4169 quid
660 4109 797 4166 volantem,
819 4129 865 4159 neo
879 4109 904 4159 in
920 4114 1000 4161 medio
1016 4125 1168 4168 enarrantem

89 4177 227 4233 acciderit
246 4179 401 4231 Burmanuo
410 4216 418 4241 ,
436 4177 481 4250 qui
497 4179 522 4230 in
541 4182 616 4230 bella·
659 4203 792 4246 marmore,
804 4187 886 4258 glacie
895 4188 1037 4241 constricta
1053 4191 1168 4262 palude,

86 4273 159 4318 tore,
175 4259 219 4312 vel
229 4259 255 4312 in
269 4263 304 4310 tis
315 4261 356 4310 ille
368 4257 441 4312 aliud
453 4275 546 4312 nomen
558 4277 615 4328 pro·
659 4283 749 4314 cervos.
799 4315 800 4318 ,
864 4291 866 4295 ·

1000 4343 1037 4416 A.
