3192 5138
349 589 353 596 ·
384 585 1003 670 inconsurrcoN,t1n.1x.
1169 591 1232 656 233

206 722 391 788 Deveniunt
406 719 573 788 Gallorum
590 743 686 805 oras3
707 741 788 811 quas
803 720 920 811 praevia
937 720 1024 785 luno

204 837 398 903 Monstravit
411 836 522 918 juveni
535 835 711 920 AEmoni03
733 837 821 901 volat
832 851 905 901 aeta
918 835 1038 900 carina.

205 955 280 1018 Dux
298 954 431 1043 Ligures
447 955 579 1042 ignotus
596 951 684 1036 obit,
709 950 799 1041 quod
815 953 930 1040 Iasona
945 973 1057 1016 carum

206 1067 304 1133 Nube
325 1066 384 1132 dea
397 1069 550 1150 involvit,
572 1069 734 1158 nigroque
752 1065 876 1132 obtexit
891 1066 1024 1131 amictu.

247 1184 306 1248 Ast
321 1183 366 1248 illi
384 1183 490 1250 media
502 1199 676 1274 penetrant
688 1184 755 1265 jam
773 1183 890 1248 cerula
904 1181 1016 1264 fauce,
1197 1203 1235 1245 sss

207 1297 391 1364 Stoechadas
411 1313 444 1363 et
457 1299 596 1365 reduces
612 1299 768 1387 linquunt
780 1297 920 1362 fratrum
932 1311 1003 1362 arte
1020 1295 1187 1361 Laconum

206 1413 336 1496 Adjuti,
357 1413 447 1479 unde
463 1415 523 1479 illis
546 1429 687 1480 statuere
700 1413 811 1478 altaria
826 1411 934 1494 Graii,

209 1529 367 1618 Sacraque
383 1547 543 1620 perpetuo
562 1530 672 1594 nautis
688 1527 879 1593 celebranda
897 1529 1024 1593 futuris.
1054 1539 1057 1546 ’

252 1643 331 1709 Mox
344 1667 442 1709 cursu
457 1645 598 1710 AEthalia
614 1644 844 1710 transmittitur
861 1643 966 1707 insula
986 1632 1094 1724 certo,

209 1758 280 1841 Qua
299 1759 454 1846 placitum
471 1759 573 1824 fessos
590 1759 732 1824 relevare
749 1757 915 1822 laboribus
936 1771 1042 1840 arms,
1199 1791 1234 1829 ιφ

207 1873 316 1963 ligere
334 1889 367 1938 et
381 1895 470 1938 arma
483 1875 575 1957 loco;
591 1873 695 1940 Greci
708 1873 905 1964 cognomina
921 1887 1036 1962 portus

208 1987 357 2053 Nominis
378 1989 467 2055 unde
481 1990 597 2072 trahit,
617 1988 709 2054 finxit
725 1990 787 2054 nisi
802 2010 884 2053 vana
902 2003 1055 2052 vetustas.

251 2103 337 2170 Hinc
351 2104 444 2168 celeri
467 2102 584 2169 fluenta
604 2104 728 2169 medios
740 2103 902 2192 Aquilone
919 2103 1072 2168 secabant

206 2217 312 2283 Litora
323 2241 428 2306 quum
442 2220 585 2308 primum
602 2218 773 2300 Ausoniae,
788 2218 1026 2307 'lyrrhenaque
1045 2234 1185 2282 cernunt

210 2331 374 2422 AEquora‚
388 2349 422 2399 et
438 2334 528 2402 AEeoe
542 2349 676 2423 portum
693 2334 821 2400 subiere
838 2333 970 2398 sororis.
1197 2350 1233 2401 ¹⁹⁵

206 2447 357 2513 Anchora
376 2466 446 2514 tum
462 2449 578 2514 fundat
590 2451 708 2515 vocalis
724 2449 844 2514 robora
857 2449 987 2538 puppis.

208 2565 268 2628 llic
281 2565 373 2629 Circe
389 2564 512 2654 liquido
530 2567 689 2656 purgabat
708 2567 742 2629 in
763 2585 894 2654 aequore
912 2563 1076 2638 membra,

206 2679 379 2745 Terrorem
396 2683 501 2746 noctis
515 2681 655 2771 lymphis
677 2700 710 2746 et
726 2680 852 2746 somnia
872 2681 1024 2744 lustrans.

205 2795 368 2886 Sanguine
385 2817 461 2861 nam
476 2797 624 2880 thalami,
649 2796 784 2878 domus,
805 2812 837 2862 et
851 2795 1025 2885 penetralia
1047 2808 1166 2858 cuncta

205 2911 295 2976 llere
311 2910 524 2993 videbantur3
540 2909 653 3000 rapido
671 2934 747 3006 nam
766 2911 897 2976 turbine
910 2908 993 2974 vidit

207 3025 344 3110 lnvolvi,
367 3049 405 3091 ac
419 3027 496 3091 totis
513 3028 647 3091 volitare
668 3025 840 3116 penatibus
856 3027 985 3116 ignem,

207 3141 246 3205 Et
264 3142 362 3206 simul
379 3164 477 3206 omne
491 3141 580 3207 nefas
602 3140 729 3206 flamma
743 3143 920 3231 crepitante
939 3141 1096 3206 cremari:

207 3257 314 3340 Quare
330 3257 402 3324 diva
418 3274 549 3347 potens,
564 3258 661 3347 primi
676 3258 738 3323 sub
752 3259 877 3322 lumina
890 3257 986 3338 solis,

205 3371 359 3461 AEquoris
377 3374 518 3438 intrabat
532 3374 657 3438 latices:
676 3373 855 3462 fusumque
871 3395 930 3461 per
944 3371 1080 3436 herbam

206 3486 314 3554 Omne
329 3511 432 3578 genus
450 3488 615 3578 pecudum
635 3487 788 3554 florentes
807 3489 941 3554 demetit
957 3510 1069 3579 agros,
1193 3501 1231 3540 ²0⁵

205 3603 290 3667 Olim
308 3627 380 3692 quar
397 3605 523 3694 magico
538 3604 662 3668 Perseis
681 3603 824 3668 carmine
837 3603 929 3667 Circe
1063 3619 1067 3632 ·

201 3717 312 3781 lunxit
327 3716 486 3806 adoptatis
502 3718 654 3782 informia
671 3739 806 3806 corpora
824 3716 995 3796 membris,
1015 3781 1017 3788 ,

200 3831 461 3922 Taurisonosque
483 3834 597 3922 lupos,
616 3851 648 3898 et
664 3833 894 3898 semihomines
908 3834 1105 3914 Centauros3

201 3945 241 4012 Et
259 3947 379 4026 rabidae
395 3951 483 4039 rugit
500 3971 633 4038 serpens
650 3971 795 4014 connexa
814 3948 939 4029 leaenoe,

200 4061 448 4153 Semicaperque
466 4065 580 4152 lepus,
598 4065 826 4153 variarumque
843 4085 900 4128 ora
914 4062 1068 4126 serarum.
1190 4093 1228 4119 m

199 4177 323 4242 Heroas
341 4179 456 4267 ingens
472 4181 558 4270 cepit
576 4196 709 4268 stupor:
727 4179 833 4243 omnis
851 4178 1011 4242 Achivum

198 4293 350 4385 Effigiem
368 4295 477 4362 Circes
495 4312 527 4361 et
546 4297 668 4361 lumina
686 4312 776 4361 torva
791 4295 943 4374 juventus
