3220 5128
378 513 441 592 364
755 513 1055 580 cn'rntouus

376 635 646 724 praedpinssc,et
658 637 757 702 fuisse
770 637 926 726 virginem
940 635 1092 726 pudicum
1109 649 1144 700 et
1160 633 1305 698 moriints
1318 633 1441 722 proin.

379 739 520 804 tissimis.
533 739 580 803 lta
598 739 678 804 nihii
696 741 729 804 in
746 740 797 806 his
815 741 912 823 certi,
923 741 957 804 in
972 763 1039 828 quo
1054 738 1286 820 consistamus,
1298 761 1442 827 tepente

380 845 464 909 iicet.
481 842 543 908 Sed
566 843 635 910 hee
658 867 719 910 nos
741 845 869 935 longius
884 869 903 910 a
920 844 1069 932 Clymeno
1086 843 1379 910 abduxerunt.Alii
1392 843 1441 908 ri·

380 949 499 1016 dentur
508 951 598 1016 hunc
607 951 759 1018 eumdem
769 952 882 1018 fecisse
890 953 948 1041 qui
959 951 1189 1040 Periclymenus
1198 949 1285 1037 (iicet
1297 950 1443 1018 Valerius

379 1055 491 1119 ambos
501 1053 644 1141 referat):
655 1078 731 1120 nam
743 1055 777 1120 in
787 1057 910 1145 Ergino
918 1055 1100 1124 ridebimus
1109 1055 1201 1122 illum
1217 1054 1441 1142 Periclymeni,

378 1176 411 1224 et
430 1159 472 1224 ab
495 1160 563 1224 aliis
590 1159 733 1244 Cirmerti
755 1160 858 1226 filium
884 1163 999 1245 statui;
1021 1177 1059 1227 ut
1081 1177 1114 1226 et
1138 1177 1240 1226 mater
1258 1159 1385 1224 Jasouis
1404 1175 1443 1230 et

379 1266 506 1332 Admeti
519 1266 562 1331 ab
579 1267 630 1331 his
649 1265 812 1354 conum,
828 1268 869 1332 ab
885 1269 946 1334 iliis
963 1267 1174 1354 Pert'elyvnterte
1186 1281 1330 1331 vocatur.

425 1489 619 1573 CLY'I'IUS,
632 1489 780 1580 Orpheo,
797 1491 996 1580 Apollodoro
1016 1507 1049 1556 et
1070 1492 1186 1556 rucco
1208 1505 1320 1554 nostro
1348 1493 1443 1579 igno·

382 1613 451 1680 ωας
463 1597 519 1660 sed
533 1598 575 1662 ah
588 1598 774 1688 Apollonio,
787 1599 842 1665 lib.
856 1601 947 1680 l,rs.
962 1599 1022 1683 86,
1032 1621 1107 1664 cum
1122 1599 1230 1688 iphito
1239 1599 1442 1664 exOEchalia

362 1763 364 1774 ,
380 1703 505 1780 venisse
515 1703 649 1768 dicitur:
660 1727 759 1793 quare
770 1706 868 1794 aliqui
880 1706 912 1770 in
923 1706 1050 1771 Valerio
1060 1727 1134 1769 eum
1148 1702 1295 1790 Clymeno
1302 1705 1444 1769 voluisse

322 1847 326 1862 ·
381 1807 578 1874 substituere
588 1809 738 1877 vidimus.
755 1811 946 1876 scholiastes
960 1811 1055 1892 dicit,
1071 1812 1171 1876 fuisse
1183 1809 1264 1874 filios
1273 1811 1443 1898 Antiopes.

381 1913 476 1978 Pater
499 1915 567 1996 ejus
590 1915 652 1980 suit
676 1917 834 2007 Eurytus:
851 1917 897 1981 sic
919 1917 1068 2006 Hyginus
1087 1932 1195 1999 vocet,
1210 1939 1308 2004 quem
1334 1939 1444 2006 regem

383 2019 545 2084 OEchaliae
563 2043 602 2084 ex
619 2023 762 2086 Homero
779 2022 877 2087 fuisse
895 2023 1085 2088 Scholiastes
1103 2021 1208 2086 dictus
1226 2019 1387 2105 ostendit,
1403 2020 1446 2086 de

383 2125 501 2211 quoin
522 2127 643 2212 Euryto
657 2126 849 2193 videbimus.
867 2127 1060 2193 Scholiastes
1077 2127 1117 2192 ad
1133 2126 1284 2191 Trachin.
1305 2126 1388 2209 268,
1406 2149 1446 2190 cx

384 2229 508 2318 Euryto
529 2245 671 2319 quatuor
693 2231 775 2298 filios
797 2233 983 2323 provenisse
1007 2256 1048 2299 ex
1069 2232 1213 2298 Hesiodo
1232 2231 1345 2314 docet,
1361 2233 1448 2298 inter

384 2357 466 2422 quos
484 2333 603 2420 Clytius
627 2353 659 2400 et
675 2337 815 2428 lpdt'tus;
828 2353 963 2403 matrem
974 2361 1051 2403 vero
1065 2354 1157 2402 vocat
1170 2337 1357 2402 Antiochen.
1372 2339 1448 2402 nri-

385 2457 556 2506 stocratem
568 2466 645 2508 vero
667 2459 730 2508 tres
749 2445 830 2509 filios
849 2461 1006 2526 statuere,
1026 2445 1186 2532 praeterito
1204 2443 1329 2531 iphito,
1342 2443 1448 2527 addit3

385 2547 469 2613 idem
492 2548 533 2614 ad
552 2573 598 2614 vs.
620 2549 703 2632 355,
718 2549 799 2616 filios
822 2551 935 2640 Euryti
957 2551 998 2616 ab
1021 2551 1160 2615 Hercule
1184 2551 1307 2614 occisos
1329 2567 1450 2638 proetcr

385 2653 545 2742 Iphitum,
563 2657 619 2744 qui
643 2657 677 2720 in
699 2657 854 2722 Euboeam
880 2656 977 2746 sugit,
997 2673 1112 2720 narrat.
1138 2656 1285 2745 Hyginus
1310 2672 1449 2719 matrem

385 2758 464 2824 dicit
484 2761 582 2826 fuisse
605 2761 701 2826 filiam
722 2763 865 2850 Pylorui;
882 2761 938 2828 sed
961 2779 993 2826 et
1013 2763 1103 2826 hunc
1128 2761 1254 2850 ignoro.
1267 2761 1382 2850 Neque
1406 2761 1450 2825 de

388 2867 489 2950 Clytio
501 2884 558 2933 aut
571 2869 672 2958 lptno
685 2871 776 2958 plura
789 2867 941 2958 indagare
955 2869 1057 2957 potui.
1073 2867 1202 2954 Pythius
1222 2868 1302 2931 male
1313 2883 1452 2931 vocatur

389 2973 422 3035 in
444 2972 566 3036 vitiosis
589 2972 725 3038 Diodori
748 2974 847 3040 Siculi
871 2974 928 3038 lib.
945 2973 1000 3054 IV,
1024 2995 1054 3060 p.
1071 2972 1131 3059 169
1145 2971 1328 3054 codicibus,
1342 2995 1451 3060 quum

389 3075 508 3162 Clytius
525 3078 682 3145 dicendus
698 3081 749 3145 sit.

431 3297 646 3382 CORONUS,
660 3301 763 3365 Coenei
788 3299 889 3382 fliius,
904 3299 944 3365 de
967 3321 1033 3388 quo
1055 3301 1121 3380 jam
1145 3297 1266 3386 aliquid
1291 3321 1389 3388 supra
1415 3303 1449 3364 in

391 3403 501 3469 Coeneo
513 3403 670 3488 vidimus3
681 3423 877 3472 memoratur
888 3406 941 3471 hic
953 3405 1099 3494 Orpheo,
1111 3428 1158 3470 rs.
1173 3404 1250 3487 1363
1259 3405 1452 3492 Apollonio,

390 3509 446 3574 lib.
461 3511 492 3593 1,
502 3534 548 3576 vs.
565 3508 617 3599 57,
629 3530 662 3576 et
674 3510 891 3602 Apollodoro;
904 3511 973 3577 aliis
988 3511 1158 3576 omittitur.
1173 3513 1247 3575 Duo
1260 3525 1369 3574 autem
1383 3511 1455 3576 suc·

389 3633 466 3681 runt
492 3618 615 3700 Caenei,
633 3641 718 3682 unus
742 3618 879 3700 Atracis,
893 3619 973 3682 alter
991 3617 1070 3682 Elati
1088 3616 1187 3698 filius,
1206 3617 1263 3704 qui
1281 3617 1344 3681 tuit
1363 3633 1454 3706 pater

388 3722 490 3786 nostri
510 3721 633 3787 Coroni.
654 3725 702 3787 Dc
719 3723 781 3786 hoc
798 3723 889 3786 Eiato
907 3739 939 3786 et
959 3725 1074 3788 Caenco
1092 3744 1157 3785 non
1177 3737 1360 3809 repetemus
1378 3722 1454 3805 hic,

389 3851 461 3915 quae
477 3827 616 3892 diximus
635 3827 675 3892 ad
692 3827 787 3893 Ovid.
804 3827 882 3892 Met.
898 3829 978 3910 ΧΠ,
990 3849 1035 3891 vs.
1053 3826 1124 3892 186.
1140 3828 1209 3890 nex
1226 3826 1287 3890 fuit
1306 3826 1454 3892 Perrhae-

388 3935 520 4018 borum,
531 3958 674 4025 quorum
686 3935 765 4000 urbs
776 3951 844 4000 erat
855 3937 999 4024 Gortyna
1008 3959 1018 4017 ς
1026 3933 1099 3997 vide
1110 3933 1192 3996 inha
1202 3933 1235 3996 in
1248 3931 1455 4021 Polyphemo.

389 4040 450 4104 Hic
472 4040 629 4121 Coronas,
642 4042 849 4131 Lapitharum
872 4039 955 4121 dux,
970 4041 1002 4102 in
1024 4039 1109 4103 hello
1131 4054 1244 4103 contra
1256 4037 1456 4127 AEgimium,

390 4149 598 4214 Doriensium
620 4171 746 4236 regem,
764 4151 816 4212 cui
845 4148 997 4212 Hercules
1015 4169 1048 4212 se
1067 4145 1191 4210 socium
1216 4143 1401 4225 addiderat,
1414 4145 1457 4208 ab

390 4252 453 4316 hoc
477 4253 538 4318 fuit
564 4254 767 4336 interfectus,
782 4252 969 4341 Apollodor.
987 4251 1042 4316 lib.
1060 4251 1110 4333 ll,
1127 4273 1197 4338 cap.
1215 4272 1253 4336 7,
1272 4259 1332 4336 57.
1350 4249 1458 4330 Hujus
