3220 5124
403 497 467 564 3³6
780 501 1009 568 CATAfflG
1018 503 1077 568 US

403 639 500 706 quatu
510 618 619 698 frutri3
636 618 694 684 sed
706 633 739 684 et
749 617 847 698 hujus
861 621 969 686 nullus
981 624 1066 688 inter
1076 628 1276 714 Argonautas
1291 626 1454 708 meminit,

402 723 460 790 sed
472 725 542 790 sine
554 722 656 790 dubio
666 739 837 813 conopon
849 743 898 791 est
909 728 1001 792 locus
1013 727 1221 817 Apollodori,
1234 747 1268 795 et
1278 732 1375 798 simul
1390 733 1455 820 ipse

401 845 514 896 auctor
535 830 652 896 errarit
669 853 678 895 ε
698 829 871 920 legendum
894 833 981 898 enirn
1006 849 1056 900 est
1071 833 1204 918 lepreon
1223 851 1266 908 nt,
1282 838 1347 916 jorn
1371 855 1455 902 recte

401 935 583 1004 emendavit
595 938 646 1002 vir
659 935 866 1006 doctissimus
873 939 956 1004 Tlto.
971 938 1073 1021 Gale,·
1085 944 1160 1030 quin
1173 964 1250 1007 vero
1263 965 1347 1032 sepe
1360 946 1453 1008 etiam

400 1043 452 1110 elii
466 1043 649 1135 ldytltologi
660 1044 880 1111 confrtderunt
894 1046 1052 1134 quondum
1069 1049 1203 1130 heroes,
1217 1052 1274 1138 qui
1287 1052 1455 1140 Argonau-

400 1150 470 1216 ticn
483 1147 680 1238 expediu'oni
700 1149 936 1234 interluensnt,
958 1173 1034 1216 curn
1054 1151 1115 1218 illis
1135 1154 1192 1241 qui
1206 1152 1349 1232 Trojano
1371 1155 1454 1219 bello

400 1253 529 1322 creon
537 1253 748 1338 adjuverunt,
764 1254 982 1343 Apollodorus
993 1279 1158 1346 perperam
1174 1258 1235 1332 hu
1248 1257 1329 1324 lilios
1345 1259 1453 1324 Mortis

398 1357 566 1448 adscripsit
584 1360 797 1449 Argonrutir,
820 1382 903 1447 quos
923 1361 1101 1443 llomerus,
1122 1362 1212 1428 iliad.
1232 1361 1289 1428 lib.
1309 1365 1357 1446 ll,
1378 1363 1454 1446 516,

399 1465 485 1538 inter
496 1466 643 1548 Grecos,
658 1466 715 1554 qui
740 1467 773 1530 iu
789 1467 918 1547 'liniam
934 1468 1164 1550 militaverunt,
1186 1471 1298 1550 refert,
1314 1493 1399 1557 quos
1417 1493 1454 1534 ex

399 1569 607 1636 Orchomeno
621 1571 754 1660 Minyeo
767 1573 894 1639 venisse
908 1570 1004 1655 dicit,
1023 1573 1112 1639 unde
1123 1575 1207 1638 forte
1226 1575 1310 1638 inter
1328 1575 1453 1664 Minyus

398 1676 507 1746 retulit
514 1675 747 1766 Apollodorum
764 1677 823 1742 ubi
836 1677 910 1742 ride
929 1679 1076 1744 Euststlt.
1088 1679 1236 1744 Amstm
1248 1681 1379 1769 Hygino
1389 1703 1453 1744 nse·

400 1797 559 1863 mortntr3
572 1781 629 1848 sed
638 1797 830 1870 corruptum
842 1798 875 1847 et
885 1784 1034 1873 ignotum
1048 1805 1168 1849 nornen
1184 1801 1252 1865 est,
1269 1784 1357 1852 unde
1374 1786 1453 1850 nihil

398 1887 536 1968 βιαίως
557 1903 710 1974 proteres
725 1889 779 1953 hic
798 1887 950 1956 Almam
972 1888 1093 1954 dieitur
1113 1905 1208 1954 nutus
1226 1911 1265 1954 en
1275 1890 1451 1978 Astyoche,

399 1991 526 2060 Actoris
538 1989 616 2072 filiu,
634 1993 691 2080 qni
704 1991 848 2058 diversus
860 1991 901 2057 ab
916 1995 1051 2076 Acturo,
1073 1994 1205 2058 Menoeti
1220 2009 1321 2082 putre.
1334 1994 1453 2058 Home·

398 2118 454 2164 nu
469 2097 557 2164 cuitu
575 2100 700 2182 initas,
721 2099 789 2164 sive
813 2100 894 2171 itt-e
908 2097 1010 2164 filiurn
1023 2115 1133 2181 rocst,
1150 2122 1252 2187 quum
1275 2099 1344 2180 ejus
1365 2099 1453 2188 Myr-

398 2197 566 2266 midoncm
583 2200 683 2264 luisse
697 2215 821 2289 petrem
836 2199 1023 2264 viderimus.
1047 2201 1260 2289 Etymologici
1276 2215 1386 2264 tamen
1398 2224 1454 2266 nu·

398 2314 470 2364 etot·
488 2300 522 2364 in
543 2301 786 2382 derep,rlctorl8
807 2317 931 2388 patrem
944 2300 1011 2372 diss
1029 2301 1113 2366 fucit.

442 2510 730 2580 multatus.
748 2510 809 2574 llic
833 2511 874 2574 ab
890 2509 1089 2598 Apollodoro
1105 2448 1322 2589 meniorstur,
1349 2531 1450 2598 quum

397 2618 449 2686 atii
465 2638 580 2683 omnes
597 2637 674 2680 sum
689 2613 775 2679 bello
788 2615 946 2680 Thebano
961 2614 1024 2678 sub
1035 2613 1170 2680 Adrano
1186 2614 1368 2678 interfuisse
1386 2637 1452 2677 nur·

398 2736 478 2790 rent
499 2723 588 2789 luter
606 2736 754 2786 suctores
769 2719 914 2810 perditos
930 2720 1093 2784 Deioclrus
1112 2718 1208 2784 etiem
1220 2720 1451 2806 Amphiareion

397 2827 564 2896 adcensuit
585 2825 795 2915 Argonautis,
812 2841 894 2892 teste
908 2823 1084 2890 Scholiaste
1099 2823 1250 2912 Apollon.
1269 2825 1302 2905 l,
1322 2823 1402 2910 139,
1420 2839 1452 2888 et

395 2934 558 2998 censuisse
573 2933 727 2998 Srnecum
744 2931 914 3020 'tragicum
928 2931 962 2992 iu
982 2927 1068 2994 Med.
1084 2927 1166 3008 656,
1185 2928 1277 2992 multi
1293 2929 1453 3018 interpre-

398 3055 468 3106 tutu
486 3037 591 3104 mirati
618 3038 709 3102 luere
721 3059 729 3102 ε
742 3034 823 3124 quid
837 3036 925 3101 enim
938 3035 1154 3123 Amplnlsrac,
1172 3035 1284 3112 aiunt,
1301 3057 1377 3098 curn
1392 3037 1452 3098 llr·

392 3143 565 3234 gonsutisl
592 3141 650 3206 sed
675 3142 791 3207 celebr.
818 3142 1001 3207 Gronovius
1018 3157 1105 3206 recte
1121 3137 1279 3222 ostendit,
1298 3141 1375 3205 licet
1398 3139 1450 3204 alii

395 3273 471 3316 eutn
500 3249 640 3314 referant
668 3247 754 3312 inter
781 3251 1003 3337 Argonautas,
1024 3247 1177 3312 Senecam
1204 3261 1311 3310 temen
1340 3247 1388 3312 ibi
1410 3245 1451 3309 de

397 3354 512 3441 lliopso
528 3375 632 3442 agere.
649 3352 738 3417 Inter
753 3367 920 3416 venatores
936 3352 1004 3439 apri
1019 3349 1187 3438 Calydonii
1199 3349 1338 3413 refertur
1352 3375 1371 3414 n
1385 3351 1450 3414 Nu·

395 3480 485 3537 sone,
504 3457 580 3522 lllet.
599 3457 693 3539 Vlll,
713 3457 793 3544 3173
814 3455 980 3520 manifeste
995 3456 1090 3520 etiarn
1108 3455 1243 3535 setius,
1257 3455 1360 3520 Theb.
1380 3455 1448 3533 ΙΙΙ,

398 3561 477 3642 516,
486 3561 644 3629 Colchion
653 3561 773 3626 militine
784 3561 967 3626 interfuisse
980 3559 1212 3649 Amphiaraum
1221 3559 1337 3641 docet,
1348 3579 1451 3646 quum

395 3689 470 3732 eum
486 3667 529 3732 itu
546 3666 742 3755 Melampodi
760 3663 1009 3754 respondentem
1025 3661 1169 3730 inducit:

654 3821 775 3893 equidem
789 3820 869 3886 rarii,
882 3832 963 3891 puter,
975 3820 1063 3874 omine
1080 3819 1169 3872 Phoebi

532 3911 607 3982 Sepe
620 3909 684 3974 tuli,
697 3910 751 3980 jorn
763 3921 826 3962 tune
839 3907 922 3978 prime
934 3925 1015 3980 qnunt
1027 3907 1099 3980 pube
1111 3907 1237 3962 virentem

533 3996 667 4052 Semideos
680 3997 748 4049 inter
761 3996 840 4068 pinus
854 4013 897 4048 me
907 3995 1032 4050 Thesulr
1043 4015 1118 4070 reges

535 4085 663 4148 Duceret,
676 4095 725 4136 etc.

397 4209 586 4321 ‹ru-'versa
605 4241 686 4304 nate
702 4239 848 4306 nunnus
866 4236 1060 4326 Melampodi
1077 4237 1201 4300 tribuit.
1221 4235 1278 4300 nn
1301 4235 1450 4300 aresces
