3220 5128
506 575 943 642 aauouau'tanuu.
1192 573 1255 658 393

183 689 335 764 'mortem
351 698 466 762 habuit
483 723 559 764 cum
582 699 680 764 fratre
698 698 755 766 Ida
773 720 998 776 communem,
1020 696 1061 760 dc
1079 720 1142 783 qua
1160 719 1258 785 supra

196 808 330 894 egimus.
345 791 485 868 Unicum
501 805 608 870 adhuc
626 805 822 887 notandum,
836 802 995 869 confundi
1010 803 1099 866 hunc
1116 804 1257 890 Lyncea,

195 912 392 978 Messenium
409 913 545 1000 Apharei
562 912 681 995 filium,
695 937 779 1002 saepe
796 936 871 978 cum
882 911 1004 1000 lqrtcw
1010 959 1020 991 ,
1034 909 1167 1004 AEgypti
1180 907 1257 990 filio,

196 1019 251 1106 qui
273 1019 425 1107 Argivum
443 1041 578 1108 regnum
598 1020 718 1100 tenuit,
737 1019 851 1083 marito
866 1019 1141 1107 Hypermnestrae,
1156 1015 1258 1080 Danai

196 1122 281 1204 tiliae,
305 1146 376 1211 quae
400 1146 475 1188 eum
496 1125 642 1188 servavit.
666 1126 714 1189 Ita
734 1123 958 1211 Aristophanis
978 1122 1085 1187 Schol.
1107 1119 1148 1186 ad
1170 1121 1256 1185 Plut.
1280 1207 1284 1217 ι

196 1245 256 1294 act.
275 1230 308 1310 1,
330 1251 373 1292 so.
386 1253 441 1309 11,
461 1251 507 1293 vs.
526 1229 602 1310 152,
625 1247 758 1294 acutum
774 1230 878 1292 visum
898 1230 1028 1316 Lynceo
1042 1226 1174 1316 AEgypti
1191 1224 1257 1290 titio
1312 1281 1315 1290 ,

196 1332 328 1412 tribuit,
350 1333 425 1395 licet
445 1347 555 1420 postea
578 1331 660 1398 duos
687 1333 832 1422 Lynceos
858 1332 1043 1421 distinguat.
1066 1331 1257 1396 scholiastes

197 1459 328 1525 quoque
344 1435 475 1501 Pindari
492 1436 533 1502 ad
543 1437 643 1526 Pyrh.
659 1439 752 1519 VIII,
770 1461 816 1503 rs.
837 1461 889 1525 77,
918 1435 995 1502 dicit
1011 1437 1130 1525 Lyncei
1153 1435 1256 1500 lilium

197 1542 296 1606 fuisse
318 1541 496 1622 Abantem,
517 1543 604 1606 Talai
627 1559 766 1631 patrem,
786 1565 824 1607 ex
844 1566 911 1630 quo
930 1541 1101 1622 Adrastus,
1128 1541 1185 1604 ubi
1209 1556 1258 1604 est

197 1647 345 1710 confusio
361 1646 501 1712 duorum
517 1663 734 1712 stemmatum.
749 1649 832 1712 Nam
850 1649 998 1733 Lynceus,
1014 1647 1148 1736 AEgypti
1161 1644 1257 1724 lilius,

197 1753 326 1840 reliquit
338 1753 479 1835 Abanta,
493 1751 549 1820 sed
562 1754 630 1833 ejus
643 1752 727 1818 filius
742 1753 804 1820 fuit
818 1754 970 1836 Acrisius,
984 1769 1022 1816 ut
1034 1751 1255 1830 notissimum,
1366 1743 1368 1750 ’

197 1858 268 1921 vide
286 1858 421 1924 Pausan.
439 1860 489 1939 11,
510 1861 559 1924 16.
582 1859 646 1924 Sed
663 1861 748 1924 Talai
770 1877 861 1949 pater
884 1863 946 1924 fuit
967 1861 1053 1941 Bias,
1076 1858 1160 1921 filius
1178 1879 1255 1920 vero
1277 1862 1280 1866 ’

197 1962 366 2046 Adrastus,
391 1979 429 2028 ut
452 1965 485 2028 in
508 1965 610 2029 Talao
630 1964 829 2048 videbimus,
853 1965 910 2030 ubi
927 1983 958 2030 et
975 1965 1105 2053 Orphea
1121 1965 1255 2036 Talaum

197 2067 328 2133 Abantis
358 2068 457 2132 filiurn
487 2069 590 2134 lacere
615 2071 809 2136 notabimus.
848 2071 1001 2134 Interfuit
1029 2086 1061 2133 et
1094 2069 1148 2132 hic
1180 2089 1255 2130 cum

197 2173 294 2237 fratre
323 2172 379 2240 Ida
405 2173 567 2240 venationi
592 2176 660 2264 apri
689 2175 875 2264 Calydonii;
903 2172 997 2240 Ovid.
1018 2175 1148 2239 Metam.
1159 2173 1254 2252 VIII,
1328 2236 1334 2248 ,

197 2302 243 2343 vs.
262 2277 338 2355 304.

241 2491 397 2569 MELAS,
421 2493 505 2557 filius
523 2495 641 2582 Phryxi
658 2511 691 2558 et
709 2495 913 2584 Chalciopes,
942 2447 1002 2582 qui
1014 2517 1088 2559 cum
1104 2492 1256 2556 fratribus

197 2599 301 2686 Argo,
324 2598 470 2686 Cytisoro
489 2615 521 2662 et
537 2599 714 2672 Phrontide
731 2602 765 2662 in
789 2603 893 2702 Insula
920 2602 978 2664 Dia
1001 2599 1134 2664 accessit
1154 2601 1255 2686 Argo-

198 2702 322 2784 nautis;
348 2702 413 2768 rid.
437 2705 471 2767 in
487 2706 576 2793 Argo
596 2721 628 2768 et
652 2705 800 2790 Cytisoro.
828 2709 924 2770 Hunc
947 2706 1026 2768 mari
1039 2705 1254 2769 ‘submersum

200 2831 316 2873 nornen
336 2807 478 2890 dedisse,
504 2823 541 2872 ut
557 2821 632 2890 pne:
646 2822 733 2880 πάντας
753 2809 927 2890 diceretur,
948 2810 1042 2875 docet
1061 2809 1255 2874 ¹Scholiastes

201 2915 362 3000 Apollonii
378 2937 417 2978 ex
431 2914 568 2978 Eudoxo
584 2914 624 2980 ad
640 2916 694 2979 lib.
713 2916 741 2996 l,
759 2938 843 3002 922,
856 2917 1000 3004 quamvis
1015 2915 1129 2996 addat,
1146 2916 1256 2979 aliosa

200 3017 296 3084 lluvio
320 3020 404 3084 Mela
429 3019 589 3084 deducere
613 3043 752 3103 nornen3
780 3021 843 3088 vid.
869 3021 1017 3087 Eustath.
1044 3021 1085 3086 ad
1110 3019 1256 3108 Dionysii
1346 3063 1348 3069 ,

200 3123 322 3212 Perieg.
342 3122 414 3190 538.

243 3353 489 3436 MELEAGER,
513 3355 699 3420 notissimus
715 3358 772 3420 mvi
791 3358 884 3445 prisci
902 3358 1017 3437 heros,
1034 3357 1138 3420 OEnei
1154 3373 1185 3418 et
1199 3357 1255 3420 Al·

200 3460 291 3524 thoeae
311 3459 414 3542 filius,
438 3461 652 3550 Calydonius,
676 3463 732 3550 qui
750 3486 850 3552 genus
875 3465 969 3551 longa
993 3464 1074 3526 serie
1101 3443 1138 3526 ex
1161 3459 1258 3526 AEolo

201 3566 363 3648 trahebat,
379 3566 577 3633 descendens
592 3592 630 3633 ex
646 3570 759 3657 Calyce
774 3569 859 3634 AEoli
879 3567 960 3650 fitia;
981 3569 1054 3632 ride
1071 3568 1258 3658 Apollodori
1319 3552 1325 3566 ¹

200 3673 256 3738 lib.
273 3672 308 3754 Ι,
325 3695 394 3760 cap.
413 3697 444 3761 7,
461 3685 477 3750 ς
494 3673 511 3739 5
529 3690 562 3738 et
578 3697 644 3762 seq.
660 3675 711 3738 Ab
724 3697 783 3740 aro
795 3697 871 3738 vero
890 3674 1093 3757 Parthaone,
1104 3675 1260 3739 Parthae·

201 3778 288 3840 uides
302 3775 421 3842 dicitur
432 3779 578 3859 Valerio,
596 3779 651 3842 lib.
665 3778 730 3861 111,
747 3769 898 3865 705,ubi
912 3778 1069 3844 videndus
1086 3780 1180 3860 Pius,
1201 3779 1258 3865 qui

201 3881 242 3946 de
258 3885 449 3971 cognatione
463 3883 563 3974 Tydei
578 3901 612 3947 et
624 3885 773 3974 Meleagri
793 3886 890 3948 multa
910 3885 955 3950 ibi
972 3887 1106 3950 confert.
1123 3885 1259 3973 Egregie

201 3989 529 4076 quoqueParthaonis
536 4006 669 4053 stemma
680 3989 849 4054 illustrarit
858 3991 967 4056 Heius.
976 3989 1017 4054 ad
1026 3991 1085 4054 Or.
1093 3989 1259 4072 MetVlII,

201 4091 276 4175 541,
293 4094 349 4158 ubi
366 4111 399 4158 et
414 4095 513 4176 fuisse
529 4112 638 4177 notat,
650 4096 706 4183 qui
718 4096 830 4160 Martis
846 4095 946 4160 filium
964 4073 1160 4186 Meleagrum
1174 4097 1259 4159 sece-

199 4199 281 4282 rint,
299 4216 335 4263 ut
351 4215 383 4263 et
399 4201 555 4266 Maserius
573 4202 712 4284 notavit5
732 4201 798 4265 vid.
816 4200 981 4265 Lutat.'ad
996 4201 1073 4266 Stat.
1088 4201 1191 4268 Theb.
1210 4200 1259 4281 II,

202 4329 275 4393 727.
302 4307 436 4394 Reliqua
453 4308 521 4388 ejus
539 4323 608 4372 acta
632 4323 707 4370 nota
727 4321 813 4370 sunt.
842 4307 952 4372 Unum
975 4307 1128 4396 estquod
1147 4308 1261 4388 alicui,
