3220 5128
393 590 454 674 Ilpa
771 589 1070 654 CATALOGUS

391 711 631 798 ignobiliorem,
651 727 847 775 recenseant.
866 711 953 776 Nihil
970 729 1121 801 praeterea
1141 715 1182 778 de
1198 715 1260 778 hoc
1273 717 1451 778 Laocoorm

392 817 470 878 milri
487 831 688 908 compertum
703 832 760 880 est.

434 1043 601 1124 LlilTlJS,
621 1059 725 1123 aeteae,
752 1043 905 1108 dlectoris
929 1045 1029 1128 filius,
1056 1045 1215 1135 reperitur
1238 1047 1271 1109 in
1296 1047 1449 1133 Catalogo

390 1145 588 1234 Apollodori.
605 1149 736 1235 Legitur
752 1148 903 1236 quidem,
917 1149 996 1212 Leiti
1010 1149 1093 1215 filius
1108 1149 1264 1229 Peneleus,
1280 1151 1364 1214 inter
1375 1173 1449 1238 pro·

389 1275 444 1315 cos
462 1253 590 1316 Helena
609 1253 756 1341 Apollod.
775 1255 825 1335 n,
849 1277 917 1342 cap.
937 1277 977 1342 9,
1006 1265 1022 1332 ς
1040 1256 1079 1336 8,
1103 1257 1160 1319 ubi
1185 1255 1274 1336 vide3
1300 1253 1356 1319 sed
1379 1257 1449 1319 sine

388 1357 490 1421 dubio
508 1355 700 1422 mendosum
721 1356 754 1420 id
772 1359 803 1420 in
822 1359 886 1421 hoc
903 1361 1105 1449 Argonauta,
1128 1376 1159 1423 et
1176 1383 1278 1448 quum
1296 1359 1449 1423 Alectoria

389 1461 487 1526 sdimn
506 1462 600 1524 faciat
615 1461 717 1550 Iphyn
732 1462 917 1546 Pausanias,
936 1465 1080 1528 Corinth.
1100 1465 1152 1528 lib.
1168 1465 1217 1546 Il,
1235 1487 1302 1553 cap.
1323 1462 1378 1544 18,
1396 1463 1448 1527 ille

389 1571 471 1630 l'orte
487 1567 693 1656 reponendus
708 1585 801 1634 esset.
818 1571 944 1634 Alector
956 1593 1032 1635 vero
1046 1569 1129 1636 lilius
1142 1575 1348 1662 Anaxagora,
1361 1567 1448 1633 unde

389 1672 617 1760 Anaxagoridae
633 1695 722 1761 reges
738 1675 843 1761 Argivi
861 1691 933 1760 post
950 1697 1023 1737 enm
1045 1673 1120 1738 dieti
1138 1675 1237 1738 fuere.

431 1894 676 1976 LEODOCUS,
701 1899 797 1958 frater
820 1897 903 1960 dreii
927 1913 959 1958 et
976 1897 1079 1976 Talai,
1102 1896 1184 1960 silius
1203 1897 1336 1973 biantis,
1357 1899 1447 1961 etita

387 2025 425 2062 ex
447 1999 641 2082 Cretlreidis,
667 2019 864 2064 memoratur
885 2000 1034 2088 Orpheo,
1062 2001 1235 2088 Apollonio
1258 2001 1447 2082 etValerio;

387 2105 443 2168 sed
467 2107 597 2194 Hygino
618 2123 650 2168 et
668 2105 863 2194 Apollodoro
887 2107 1078 2194 proteritur.
1107 2107 1167 2170 llic
1189 2123 1322 2172 stenuna
1345 2131 1447 2194 quum

386 2233 562 2274 commune
581 2212 696 2274 lrabeat
711 2235 785 2274 curn
807 2213 904 2274 Areio
920 2228 952 2274 et
965 2211 1080 2291 Talao,
1097 2211 1137 2274 ad
1155 2227 1209 2274 eos
1226 2213 1377 2276 lectorem
1396 2235 1448 2274 re·

387 2317 568 2398 mittimus3
587 2316 765 2380 notandum
786 2315 885 2380 modo
904 2316 1048 2404 Orphea,
1068 2317 1303 2396 vs.146,eum
1322 2321 1448 2377 atatem

387 2445 516 2502 vocare,
532 2445 628 2509 quem
645 2423 834 2512 Apollonius
852 2427 978 2484 Λιωδόκον
995 2421 1141 2509 appellat.

430 2639 641 2720 LYNCEUS,
663 2641 800 2726 Apharei
818 2640 919 2714 lilius,
944 2639 1008 2703 ldae
1025 2641 1139 2719 irater,
1166 2641 1198 2702 in
1216 2662 1282 2726 quo
1298 2638 1448 2726 pluribus

385 2743 426 2806 de
441 2767 554 2807 eorum
570 2745 757 2832 parentibus
774 2761 898 2825 aetum,
924 2760 956 2807 et
977 2744 1100 2832 origine
1123 2766 1161 2806 ex
1180 2743 1339 2824 Crethea,
1366 2743 1449 2806 cele·

385 2849 496 2912 bratus
515 2849 652 2912 maxime
668 2850 821 2912 acerrima
839 2848 1009 2914 oculorum
1026 2849 1110 2928 acie,
1135 2870 1198 2934 qua
1223 2863 1387 2934 penetrare
1411 2848 1448 2909 in

387 2943 452 3042 ipsa
471 2971 563 3018 terrae
579 2955 698 3018 viscera
716 2953 893 3036 dicebatur,
910 2977 1007 3042 quarn
1025 2955 1094 3034 ejus
1108 2951 1216 3016 dotem
1228 2952 1368 3016 Valerius
1383 2974 1449 3014 uo·

386 3075 462 3138 ster,
480 3077 512 3122 et
529 3081 643 3122 onmes
661 3061 870 3148 Argonautici
888 3077 920 3122 et
937 3059 1149 3146 Mythologici
1161 3059 1329 3146 scriptores
1345 3057 1450 3120 extol·

387 3163 475 3242 lunt;
503 3163 591 3250 quod
609 3181 711 3250 poetae
725 3166 785 3252 ipsi
806 3166 947 3228 tribuere
964 3180 1096 3252 propter
1112 3162 1256 3226 studium
1271 3163 1316 3225 rei
1334 3162 1447 3226 metal-

387 3268 453 3330 licoe
469 3283 502 3330 et
519 3269 730 3348 naturalium,
757 3286 789 3332 et
811 3269 900 3356 quod
923 3269 955 3331 in
979 3269 1154 3331 visceribus
1171 3284 1263 3331 terrae
1281 3265 1447 3331 recondita

386 3373 655 3460 perscrutabatur.
674 3375 757 3436 Hinc
773 3373 923 3436 Romanae
938 3371 1116 3436 Academiae
1135 3371 1277 3454 sodales,
1291 3373 1401 3460 quales
1412 3371 1447 3432 in

386 3476 476 3539 ltalia
494 3477 654 3564 plurimae,
671 3501 705 3540 se
725 3479 864 3564 Lynceos
882 3477 1052 3558 dixerunt,
1070 3500 1108 3540 ex
1130 3500 1194 3564 qua
1221 3476 1447 3540 celeberrimus

390 3581 505 3644 Fabius
516 3581 681 3663 Colronaa,
700 3585 755 3671 qui
773 3606 840 3646 non
854 3583 996 3669 lyncem
1006 3582 1194 3674 appellatus,
1205 3582 1281 3669 quia
1292 3581 1325 3644 in
1339 3603 1447 3644 rerum

388 3688 582 3770 naturalium
601 3689 833 3776 perquisitione
850 3688 1053 3752 acutissimus
1074 3704 1165 3768 erat,
1185 3687 1332 3774 quamvis
1354 3704 1387 3751 et
1409 3708 1448 3748 eo

387 3793 519 3855 nomine
535 3792 595 3855 hac
611 3794 824 3880 appellatione
840 3815 905 3855 non
924 3791 1076 3882 indiguus
1093 3807 1190 3868 esset,
1207 3789 1264 3854 sed
1281 3792 1357 3878 quia
1369 3793 1449 3854 Am·

388 3897 501 3960 demite
522 3897 714 3981 Lynceorum
737 3899 916 3987 adscriptus
940 3912 1023 3976 erat,
1042 3913 1079 3960 ut
1100 3919 1160 3960 nos
1181 3895 1276 3960 docet
1291 3894 1447 3960 leonard.

387 4001 585 4064 Nicodemus
608 4003 641 4064 in
671 4002 779 4065 Addit.
802 4003 842 4068 ad
863 4003 981 4092 Toppii
1003 4001 1153 4086 Biblioth.
1176 3995 1275 4090 Neap.
1299 4002 1332 4064 in
1350 4001 1448 4064 Faba

391 4105 555 4168 Columna.
574 4107 717 4170 Placcius
736 4129 811 4171 vero
828 4107 868 4172 de
881 4107 1134 4196 Pseudonymis,
1148 4129 1238 4170 num.
1258 4105 1358 4188 1430,
1376 4129 1449 4194 pag.

391 4231 443 4294 77,
462 4209 637 4274 Martinam
658 4211 816 4298 Fugelium
832 4215 997 4278 historiam
1017 4213 1220 4301 Lynceorum
1235 4211 1366 4292 jamjam
1384 4209 1453 4274 edi·

390 4329 518 4396 turum,
548 4317 641 4380 nobis
669 4319 827 4384 nuntiavit
857 4344 968 4410 nuper.
997 4323 1138 4408 Lymeus
1164 4341 1240 4384 vero
1262 4321 1452 4407 Argonauta
