3188 5130
383 607 764 673 ARGONAUTICON
795 607 883 672 LIB.
909 607 969 672 Vl.
1175 610 1215 693 59

183 738 326 804 Lenibus
345 737 461 804 alludit
477 739 583 804 flabris
600 741 676 806 levis
694 743 825 822 Auster,
839 757 872 806 at
887 739 980 806 ilium

185 855 341 920 Protinus
356 855 535 922 immanem
550 857 673 920 misene
688 877 816 922 sensere
830 858 963 938 can'nae3

185 973 273 1037 Talis
288 970 330 1036 ad
346 988 509 1038 extremos
524 973 630 1062 agitur
642 973 757 1038 Medea
773 973 911 1039 furores.

185 1085 355 1152 interdum
371 1087 498 1152 biandae
515 1087 646 1177 derepta
661 1089 794 1153 monilia
808 1089 889 1156 divae
917 1140 919 1148 ,

187 1205 393 1288 Contrectat,
411 1205 595 1292 miseroque
614 1219 701 1291 aptat
718 1201 999 1293 flagrantia001103

188 1318 328 1407 Quaque
347 1317 436 1383 dedit
451 1335 582 1384 teneros
600 1339 717 1384 aurum
733 1317 848 1384 frtriaie
864 1343 923 1408 per
939 1337 1045 1402 artus,

188 1430 321 1516 Deficit,
335 1455 373 1497 ac
387 1447 445 1498 sua
458 1434 550 1524 virgo
562 1431 630 1498 deae
642 1433 819 1523 gestamina
834 1433 956 1510 reddit,

188 1547 264 1611 Non
281 1547 436 1635 gemmis,
453 1569 520 1610 non
535 1547 587 1611 illd
603 1547 665 1611 levi
678 1534 966 1630 turbata'metallo,

189 1660 252 1726 Sed
269 1661 415 1744 facibus,
432 1660 489 1726 sed
507 1663 593 1727 mole
607 1661 677 1743 dei,
693 1683 791 1750 quem
807 1679 940 1751 pectore
955 1679 1025 1728 toto

189 1777 257 1840 Jam
275 1792 383 1859 tenet3
404 1793 566 1842 extremus
581 1797 677 1842 roseo
695 1777 804 1865 pudor
821 1794 906 1843 errat
924 1777 956 1844 in
974 1801 1041 1844 ore.

190 1893 236 1956 Ac
252 1892 343 1982 prior
359 1891 430 1956 his:
447 1891 625 1958 «Credisne
643 1909 768 1981 patrem
787 1881 945 1982 promissa
961 1894 1131 1976 daturum,
1174 1917 1211 1964 ‹e›

192 2007 341 2090 Osoror,
353 2007 522 2098 Argolicus
535 2010 587 2073 cui
602 2009 651 2073 dis
665 2009 852 2074 melioribus
864 2009 983 2100 hospes

193 2123 359 2214 Contigit?
374 2140 430 2188 eut
444 2124 521 2189 belli
535 2141 694 2214 quantum
704 2125 769 2206 jam
780 2143 879 2192 restat
890 2125 1020 2192 acerbi?

180 2345 232 2395 ⁶6&
241 2351 334 2394 Senem
350 2347 416 2394 deest
431 2349 456 2394 in
468 2347 544 2398 vatic.
553 2349 606 2396 cod.
620 2349 696 2396 Cerva
707 2353 841 2415 massaeque
854 2353 946 2398 cartam.
959 2353 1050 2398 Boron.
1060 2351 1114 2398 cod.
1126 2353 1215 2398 Boron.

158 2429 175 2474 i.
192 2429 266 2475 &m
275 2445 366 2475 renem
374 2429 469 2476 can'noe.
478 2427 535 2476 Alie
546 2444 620 2490 utque
631 2429 661 2476 ad
673 2429 738 2478 Gerr.
749 2457 780 2466 -
791 2431 845 2492 677.
855 2434 888 2480 At
897 2431 957 2478 bsttt.
967 2429 1021 2478 Ald-
1031 2445 1084 2478 eum
1095 2430 1143 2478 Pio.
1155 2433 1199 2478 En.

154 2633 249 2688 delecta
266 2635 348 2687 verbe
365 2631 400 2686 ad
416 2646 508 2688 tenues
521 2647 661 2688 ventorum
742 2629 802 2698 670·
820 2633 939 2694 Quaque,
957 2626 1133 2698 ubicumque,
1153 2629 1224 2678 dedic

153 2713 229 2766 flatus
238 2711 442 2785 exprimendos,
455 2711 583 2784 inprimis
595 2717 662 2765 allu-
707 2721 800 2758 teneros
810 2707 1010 2774 aunnnsnriale,
1022 2705 1163 2770 nocivum,
1174 2725 1221 2772 per

152 2795 201 2855 dit,
223 2791 298 2864 qnasi
320 2795 430 2861 jocamr.
451 2791 579 2846 Eemdem
595 2793 662 2846 ima·
707 2787 895 2856 artus‚deficit,
912 2783 1152 2856 extraseponitur.

152 2871 290 2942 gnnculem
302 2870 422 2924 invenies
432 2869 504 2943 apud
516 2871 662 2936 Senecam,
743 2869 802 2936 672.
817 2869 934 2927 Mate,
948 2865 1039 2918 animo
1052 2875 1154 2931 emota,
1168 2883 1218 2915 non

152 2950 259 3024 Thyes.
272 2952 339 3004 156:
356 2971 387 3003 ar
398 2965 502 3002 aenens
516 2953 605 3002 attede
614 2971 663 3019 pa·
705 2949 820 3014 gemmis,
831 2965 880 2998 aon
888 2948 935 2998 levi
939 2949 1052 3004 metallo,
1062 2948 1109 2996 sed
1108 2945 1221 3013 faerber,

151 3035 206 3082 asiis
214 3033 434 3100 arborirr'aeibus).
464 3073 477 3098 ,
707 3029 754 3078 sed
770 3030 847 3087 mele,
865 3023 1020 3098 ponderosis
1038 3023 1222 3087 flammis,sa·

187 3113 249 3162 666.
271 3112 383 3162 Pmtinm
411 3113 542 3161 immanem
570 3112 665 3160 misem
708 3105 779 3178 gittis
803 3103 971 3170 ardentibus,
990 3107 1045 3167 dei,
1061 3101 1222 3176 Cupidinis,

153 3209 249 3240 sensae
262 3193 358 3240 canna
368 3227 376 3250 ,
388 3205 450 3241 mox
463 3187 557 3241 infesta
577 3199 601 3242 et
618 3189 664 3240 int-
709 3205 779 3252 quem
790 3200 838 3236 tuto
845 3201 943 3256 pertore
949 3189 1004 3256 jam
1013 3199 1087 3238 tence

153 3286 242 3320 mensa
255 3280 395 3322 ventorum
406 3267 445 3320 vis
459 3267 496 3320 ita
505 3279 627 3338 angetttr,
637 3277 666 3320 nt
745 3267 805 3336 674.
817 3270 945 3322 Erasmus
967 3284 1036 3316 roseo
1051 3267 1134 3332 pudor
1157 3277 1224 3314 errat

152 3363 232 3400 nates
241 3357 354 3416 mergat.
710 3347 735 3395 ιίι
754 3365 812 3407 ore,
834 3345 880 3416 qui
903 3360 1031 3417 genarum
1050 3353 1128 3396 antea
1142 3341 1223 3396 decor

186 3427 249 3494 667.
265 3427 380 3478 Talisnd
385 3439 507 3476 exeamas
519 3427 604 3493 agitur
614 3429 667 3476 Me·
711 3423 797 3478 fuerat
818 3435 976 3497 perpetuus,
994 3425 1050 3496 jam
1072 3421 1223 3476 inconstans

152 3507 201 3555 dea
209 3504 330 3573 fiamus,
345 3523 378 3558 eo
395 3504 514 3558 amentia
532 3502 669 3576 progredi·
711 3516 842 3575 vagatur,
854 3504 950 3558 leviter
960 3502 1035 3576 tingit
1050 3501 1150 3570 malas,
1164 3521 1224 3554 mox

153 3594 212 3648 tur,
228 3595 258 3636 nt
270 3597 343 3638 extra
356 3602 383 3638 se
399 3583 496 3656 posita,
513 3582 578 3656 quid
592 3597 667 3656 agat,
711 3583 797 3636 omnis
809 3593 957 3638 evanescet.
971 3579 1084 3654 Elegans
1104 3583 1223 3656 profecto

152 3663 260 3718 nesciat.
711 3663 812 3736 picture
827 3663 834 3715 !

189 3743 250 3796 668.
259 3747 385 3794 Interdum
395 3745 495 3794 blanda
508 3747 608 3811 derepta
617 3761 668 3794 mo·
748 3744 808 3810 675.
819 3741 877 3794 Jam
888 3759 1005 3794 amorem
1015 3760 1069 3794 nott
1083 3739 1153 3792 intus
1163 3740 1225 3794 etin

152 3825 215 3876 nitio
225 3821 381 3894 (cingulum
393 3863 401 3888 ,
424 3834 525 3875 cestutn
537 3821 668 3888 Veneris,
711 3833 818 3894 pectore
833 3821 969 3886 continet,
981 3817 1029 3875 sed
1047 3819 1226 3876 communicat

151 3901 201 3974 qui
223 3921 278 3956 non
297 3919 400 3974 semper
415 3913 507 3972 pectus
530 3902 667 3974 cingebat,
713 3918 774 3954 cum
803 3899 925 3955 simulata
955 3919 1045 3955 sorore
1073 3897 1227 3953 sollicitudi-

151 3979 201 4036 κά
211 3982 291 4038 baltei
303 3981 426 4036 etiamad
441 3981 523 4039 instar
531 3984 566 4036 ab
576 3979 669 4034 hume·
713 3999 772 4034 nem
782 4021 791 4048 ,
808 4001 843 4035 an
852 3979 933 4034 fidem
946 3992 1099 4034 servaturus
1108 3978 1140 4031 sit
1150 3989 1226 4050 pater

152 4061 192 4114 ris
202 4079 294 4116 rerum
309 4061 408 4114 semina
421 4060 606 4116 descendebat.
622 4065 668 4112 la·
713 4059 812 4125 Jesoni,
826 4060 868 4116 cui
880 4073 984 4116 tantum
996 4059 1104 4114 debeat:
1115 4061 1163 4112 diis
1177 4080 1226 4112 tne-

153 4145 220 4202 tots,
231 4139 374 4196 Aninmdv.
390 4141 668 4204 addnthol.vol.11,
713 4143 821 4204 liore'bns,
837 4141 956 4214 impense
975 4137 1142 4204 faventibus,
1161 4144 1227 4192 Groe-

153 4232 225 4292 part.
242 4219 275 4284 3,
296 4241 323 4294 p.
347 4222 416 4292 309)
436 4225 498 4274 dicre
519 4235 667 4280 caraecarae,
714 4243 754 4274 cns
770 4225 854 4290 hospes
871 4223 976 4288 contigit
997 4219 1082 4292 petri,
1099 4233 1125 4274 et
1146 4240 1226 4294 quam

166 4297 274 4352 udendo
286 4300 373 4372 tangit
386 4303 517 4371 primurn,
536 4289 670 4378 enisa-topice
715 4303 811 4372 exigue
837 4313 976 4373 supersunt
999 4296 1062 4352 belli
1090 4300 1223 4374 reliquiae!

154 4375 252 4432 deinde
265 4383 476 4451 aptatflaprantia
490 4385 562 4434 cotto.
716 4385 812 4448 potantis
828 4402 895 4446 sese,
916 4394 941 4434 et
961 4379 1068 4452 quidem
1079 4402 1125 4450 pro
1144 4387 1228 4450 ignoto
1330 4429 1333 4438 .
