3150 5126
360 523 428 591 186
799 520 992 586 ouputtt

450 657 639 740 Quinetiam
656 657 793 746 gemini,
812 655 986 720 fortissime
1001 670 1148 744 pectore,
1167 657 1248 720 nrui
1399 677 1436 714 ns

405 772 592 860 Amphion,
608 771 706 836 simul
726 771 884 854 Asterius,
902 771 1033 836 Pellene
1046 769 1170 853 relicte,

404 886 553 952 Cultibus
567 903 601 950 et
616 885 743 976 patriis,
760 886 878 952 clemen
896 885 930 950 iu
948 885 1055 975 puelia
1072 885 1198 950 fratres.

406 1003 533 1092 Agnou
553 1000 716 1091 duplicem
733 1001 843 1067 Buteo
861 999 902 1064 de
919 999 1066 1090 germine
1083 1001 1222 1089 spicum,

404 1119 500 1200 Quos
520 1113 646 1206 peperit
659 1117 789 1182 nubem
803 1117 885 1182 lliui
902 1117 945 1182 ed
957 1113 1101 1182 llumiuie
1113 1115 1235 1182 unum

403 1232 500 1322 Regis
516 1227 690 1296 Erechthei
707 1227 820 1294 dirum
837 1251 941 1321 genus
951 1229 1118 1320 Orithyia,

405 1349 539 1437 Quique
558 1347 654 1412 etiem
676 1347 797 1435 plumis
815 1347 938 1410 circum
955 1345 1064 1410 telerie
1078 1346 1170 1428 uuis,

406 1463 555 1552 Corpore
571 1460 622 1526 du
640 1461 751 1525 similis
769 1463 879 1544 Zetes,
895 1459 1080 1550 Calaisque,
1096 1457 1258 1526 volabunt.

449 1577 549 1642 Venit
559 1577 600 1642 ab
616 1575 698 1640 urbe
713 1575 827 1640 Pheris
842 1573 929 1640 Petu
943 1597 1076 1664 quoque
1093 1573 1241 1664 principe
1258 1589 1354 1642 natus

404 1692 618 1774 Anchisteus,
642 1705 680 1756 ut
696 1691 814 1780 etipse
829 1707 933 1756 ratem
951 1689 1186 1756 conscenderet
1198 1691 1301 1781 Argo,

402 1805 635 1894 Euxinumque
652 1825 761 1870 comes
775 1803 896 1896 Minyis
910 1821 942 1870 ct
955 1805 1074 1870 Phesin
1090 1805 1203 1872 adiret.

404 1921 461 1984 His
477 1919 575 1984 simul
592 1921 726 1984 occessit
741 1919 879 1984 dilectui
894 1920 937 1984 ab
954 1917 1093 1984 Hercule
1109 1918 1186 1984 divo

403 2033 542 2098 Pulcher
556 2035 670 2124 Hylas,
689 2033 839 2098 nondum
857 2035 912 2098 cui
930 2035 1195 2100 circumtinremt
1211 2058 1266 2102 orn

405 2149 548 2214 Candide
564 2148 736 2213 flavescens
752 2149 838 2249 posci
852 2149 972 2239 lanugo
987 2149 1130 2216 decoris:

404 2263 705 2352 Amphitryoniadae
720 2265 870 2328 intonsus
889 2265 935 2328 sic
952 2265 1004 2329 ille
1020 2265 1175 2353 placebat.

448 2378 501 2444 Sic
517 2379 563 2442 illi
580 2377 622 2442 ad
641 2379 797 2468 puppim,
816 2376 913 2444 sicin
932 2397 1083 2446 sumone
1100 2382 1285 2472 frequentes
1395 2413 1434 2452 η.

403 2492 534 2556 Circum
550 2490 699 2575 aderunt,
714 2493 861 2580 aliusque
877 2493 965 2558 uliud
985 2495 1126 2560 clamore
1137 2497 1290 2584 jubebat,

403 2605 606 2695 Prandiuque
623 2606 712 2671 huud
727 2609 814 2696 perci
833 2605 1020 2697 prebebunt
1035 2610 1164 2700 bospite
1178 2633 1297 2680 meust.

402 2721 464 2786 Sed
485 2738 656 2811 postquam
676 2739 725 2786 sut
741 2725 860 2810 cuique
877 2723 940 2787 luit
955 2737 1117 2814 potusque
1134 2726 1280 2816 cibique,

402 2836 526 2902 Ordine
540 2837 679 2926 quisque
696 2837 830 2918 sedens,
853 2837 894 2901 ud
910 2857 994 2926 opus
1007 2840 1072 2918 J'am
1089 2857 1163 2906 vote
1181 2841 1313 2908 lerebtt.

403 2952 488 3014 Hinc
505 2973 574 3014 sese
591 2975 629 3014 ex
646 2953 707 3014 alte
724 2969 925 3041 consurgens
946 2954 1092 3042 quisquis
1108 2973 1205 3019 arent
1393 2980 1429 3017 ‚u

403 3065 592 3130 Adsuntem
609 3067 790 3154 glomerent
805 3069 947 3154 spetioso
963 3069 996 3132 in
1013 3069 1106 3134 litore
1123 3087 1259 3151 navem,

403 3181 626 3268 Certatimque
644 3195 778 3270 stupent
794 3201 922 3264 omnes3
942 3183 998 3247 sed
1017 3187 1166 3272 protinus
1185 3185 1291 3274 Argus

403 3296 605 3360 Subnectens
624 3295 744 3360 validos
760 3298 822 3361 altu
839 3297 881 3362 de
900 3321 1009 3387 puppe
1027 3299 1181 3365 rudentes

401 3411 489 3477 Artis
507 3433 584 3498 ope,
602 3425 635 3475 et
652 3412 797 3476 trabibus
815 3414 928 3476 subter
943 3427 1084 3480 contexa
1097 3415 1212 3480 dolatis

403 3527 519 3589 llostm
533 3544 664 3589 movere
681 3503 794 3616 perat¹3
812 3543 921 3608 vocnt,
937 3543 1033 3616 etque
1048 3530 1197 3596 hortetur
1213 3533 1379 3597 honorans
1392 3551 1427 3594 ato

403 3641 518 3706 infessi
535 3653 572 3705 ut
591 3643 750 3723 subeunt3
771 3643 935 3708 studiosos
954 3661 1091 3734 occupet
1108 3648 1220 3728 ται-(1οη

402 3760 500 3821 Arma
516 3769 650 3845 quoque
667 3759 772 3830 exuti,
798 3759 960 3846 prolixum
978 3775 1106 3847 pectora
1124 3763 1247 3827 cltcum
1337 3829 1340 3836 ,

400 3873 562 3937 Succincti
577 3872 709 3951 funem,
727 3874 886 3959 supremis
902 3873 1024 3938 viribus
1041 3877 1181 3956 instent3

402 3990 554 4054 Protinus
572 3988 613 4052 etl
631 3987 749 4051 fluctus
764 3988 906 4054 stridens
921 3991 1110 4079 propellitur
1127 3995 1228 4082 Argot

403 4105 458 4168 Illa
476 4103 533 4168 sed
549 4103 698 4167 exsiliens
716 4103 820 4166 nudas
833 4122 935 4192 quum
953 4107 1051 4170 calcet
1067 4127 1193 4188 arenas,

402 4221 535 4282 Terram
553 4219 638 4280 inter
655 4216 855 4306 fluctusque,
874 4221 907 4282 in
921 4222 1002 4284 sicca
1017 4221 1133 4287 restitit
1148 4224 1233 4312 elga,
