3150 5126
357 485 420 550 358
734 488 1039 556 CATALOGUS

357 561 431 682 ruiis
459 607 755 674 Schurtzlleisohius
791 614 823 674 in
850 612 1188 684 Animadversionibus
1213 613 1254 678 ed
1278 615 1421 704 Longin.

357 737 425 804 cap.
441 718 486 798 x,
502 741 573 806 pag.
589 718 641 782 66.

401 932 608 996 CAN'lllUS.
635 934 675 994 Et
703 934 755 996 lrie
787 935 939 998 omnibus
972 949 1167 998 memoratus
1194 933 1420 1020 scriptoribus.

356 1035 552 1100 Abantiades
567 1035 686 1100 dicitur
699 1037 846 1125 Apollon.
861 1039 896 1116 Ι,
909 1035 966 1124 78,
980 1053 1013 1100 et
1024 1037 1130 1102 Schol.
1141 1059 1216 1101 euni
1228 1035 1303 1100 lecit
1315 1034 1421 1100 filium

358 1142 493 1208 Canetlri
512 1141 620 1228 (unde
646 1165 739 1206 rnons
764 1142 797 1205 in
821 1142 974 1230 Motis),
990 1141 1046 1230 qui
1068 1140 1151 1206 lilius
1167 1143 1318 1222 Abantis,
1330 1140 1423 1204 unde

357 1249 486 1312 Euboeoe
513 1249 624 1312 incole
649 1249 790 1312 Abantes
809 1247 905 1330 dioti;
924 1269 1067 1335 quocum
1096 1265 1126 1310 et
1151 1249 1300 1336 Orpheus
1323 1247 1421 1328 lacit,

358 1355 470 1442 quies.
494 1353 571 1438 139,

478 1527 570 1584 narii<
587 1520 613 1574 δ’
626 1523 752 1580 tostino
766 1517 904 1586 Ᾱζανιάδης
918 1527 1043 1595 lnipnati.

358 1703 501 1766 Valerius
513 1726 607 1782 vero,
620 1703 674 1766 lio.
698 1705 732 1782 Ι,
750 1702 831 1784 453,
848 1704 1029 1791 genitorem
1048 1703 1180 1766 Abanta
1193 1717 1300 1783 vocnt,
1311 1718 1346 1766 et
1361 1702 1419 1768 lib.

359 1807 422 1886 Vl,
442 1805 517 1888 321,
529 1807 711 1872 Euboicum
723 1808 809 1872 facit.
820 1807 1045 1872 Abantasvero
1057 1808 1164 1894 plures
1176 1807 1289 1888 lesisse,
1302 1807 1421 1871 etalios

359 1916 453 1976 etiem
469 1913 668 1978 Abantiadas
681 1915 787 1980 vocari
802 1913 943 1978 vidimus
965 1915 998 1976 in
1014 1914 1130 1978 Arer'o:
1144 1935 1243 2001 quere
1270 1928 1421 1976 nostrum

359 2017 520 2082 deducere
540 2021 614 2083 liret
635 2043 674 2084 ex
690 2019 743 2084 illo
753 2019 896 2100 Abante,
910 2020 966 2106 qui
981 2019 1191 2107 Melampodis
1203 2017 1302 2100 lilius,
1318 2040 1421 2106 nepos

359 2123 588 2212 Amythaonis,
609 2147 772 2213 pronepos
796 2125 924 2188 Crethei
951 2125 1029 2205 fnit,
1048 2139 1085 2188 ut
1110 2125 1155 2188 ito
1174 2145 1291 2212 genere
1311 2123 1421 2186 Iasoni

359 2231 456 2294 fuerit
468 2231 764 2315 conjunctissimus.
782 2231 911 2320 Hygino
923 2231 1042 2294 elicitur
1057 2227 1317 2311 venementius,
1330 2228 1422 2317 quod

359 2357 477 2398 nomen
500 2353 585 2400 certe
608 2355 797 2426 corruptum
819 2353 878 2400 est.
900 2335 960 2400 llic
976 2359 1044 2400 non
1062 2335 1156 2400 rediit
1172 2334 1327 2415 domum,
1343 2333 1421 2417 serl,

360 2457 398 2502 ut
414 2441 562 2529 Hyginus
581 2443 694 2522 refert,
709 2445 742 2505 in
766 2442 864 2530 Libyn
892 2466 909 2505 a
936 2441 1133 2529 Cephalione
1156 2463 1230 2504 curn
1258 2439 1423 2529 Eurybates

361 2547 560 2611 interfectus.
585 2548 797 2634 Apollonius,
815 2548 847 2628 Ι,
862 2545 975 2626 485,α
992 2547 1163 2634 Cephauro
1180 2543 1245 2610 filio
1263 2545 1422 2610 Nasamo-

360 2651 409 2714 nis
435 2667 467 2714 et
485 2651 662 2716 Tritonidis
682 2653 841 2740 Nymphae
858 2655 937 2740 (qui
963 2651 1046 2716 iilius
1066 2650 1353 2740 Amplrithemitlis,
1370 2649 1422 2712 vel

360 2757 577 2840 Garamantis3
590 2775 622 2823 et
640 2759 691 2822 ille
708 2782 746 2822 ex
761 2758 938 2824 Acacallide
954 2757 1070 2822 minori
1088 2755 1150 2820 lilia
1166 2756 1249 2820 lilius
1267 2755 1378 2820 Phoebi
1389 2754 1421 2841 ),

360 2865 452 2942 cujus
469 2887 565 2950 pecus
587 2865 716 2954 abigere
729 2865 872 2946 volebat,
885 2863 990 2953 lapide
1015 2865 1114 2928 ictum
1134 2863 1231 2926 oonit.
1251 2859 1421 2948 Orpheus,

363 2974 442 3047 141,
457 2970 643 3056 simpliciter
658 2971 691 3034 in
710 2971 808 3058 Libyn
828 2971 956 3059 periisse
973 2968 1059 3033 dicit.
1077 2968 1222 3032 Valerius
1235 2967 1274 3032 alr
1288 2966 1337 3030 his
1351 2965 1422 3030 dis·

360 3071 467 3136 sidens
483 3096 576 3154 eurn,
589 3075 642 3139 lib.
657 3076 719 3156 Vl,
736 3075 810 3161 317,
827 3093 860 3139 et
871 3075 951 3157 VII,
965 3075 1091 3155 iamin
1108 3095 1217 3162 pugne
1234 3095 1309 3138 oum
1325 3071 1422 3134 Perse

361 3203 380 3239 a
395 3177 563 3242 Gesandro
579 3180 810 3268 interemptum
825 3198 992 3244 memorat.
1007 3178 1212 3244 Maseriusad
1224 3177 1279 3242 lib.
1291 3179 1305 3242 Ι
1318 3227 1326 3250 ,
1339 3175 1397 3254 45ι
1412 3225 1422 3256 ,

362 3279 402 3343 orl
421 3281 577 3347 Cantlurm
596 3286 692 3348 rel'ert
710 3285 761 3349 ille
780 3285 925 3365 Seneom,
943 3283 1029 3348 Med.
1044 3307 1090 3348 vs.
1108 3284 1192 3347 622:

538 3473 610 3526 Aulis
623 3474 710 3526 amosi
725 3493 825 3526 memor
839 3473 901 3528 inde
912 3474 994 3544 regis,
1004 3486 1051 3526 ete.

365 3661 446 3740 Quae
455 3658 507 3721 alii
516 3657 555 3723 ad
564 3659 708 3748 Tiphyn,
719 3659 771 3722 alii
784 3659 939 3747 Erginum
951 3675 1094 3746 spectare
1105 3671 1256 3734 censent;
1267 3653 1340 3720 vide
1351 3653 1424 3716 Sca-

364 3764 453 3854 liger.
474 3763 513 3828 ad
537 3765 683 3853 Propert.
709 3765 774 3844 ΙΙΙ,
787 3765 826 3844 6,
842 3763 904 3845 233
919 3763 975 3826 serl
998 3764 1088 3826 locus
1106 3762 1158 3825 ille
1177 3759 1256 3824 milri
1274 3759 1423 3824 nondum
1466 3845 1471 3852 ι

366 3869 478 3955 plenus
497 3891 565 3933 esse
578 3869 714 3933 videtur.

408 4095 571 4158 CASTOR
582 4113 614 4158 et
624 4095 811 4175 POLLUX,
824 4097 953 4176 iratres,
966 4095 1050 4157 lovis
1062 4092 1134 4174 lilii,
1147 4093 1307 4170 Dioscuri,
1322 4087 1424 4153 notio-

365 4221 414 4262 res
438 4198 522 4280 fere,
535 4223 637 4286 quam
656 4217 693 4264 ut
716 4199 852 4265 describi
876 4200 1057 4289 postulent:
1071 4221 1145 4263 narn
1169 4214 1201 4262 et
1223 4197 1304 4261 nulli
1326 4195 1422 4274 hujus
