3102 5128
368 527 753 590 nnuonnurrcon
784 525 867 588 tut.
892 520 973 582 vn.
1137 537 1197 598 119

187 663 291 749 Atque
307 675 381 724 toro
402 660 543 747 projecta
559 675 691 723 manet:
710 679 812 745 quum
828 655 894 720 risa
908 652 1015 718 vocari
1072 695 1075 702 ,

186 776 324 856 Rursus,
344 790 380 860 et
396 773 534 862 impulso
551 788 733 836 sonuerunt
748 768 877 834 cardine
892 783 1008 857 postes.

185 888 270 977 Ergo
283 887 342 953 ubi
361 888 468 952 nescio
486 910 552 976 quo
568 888 699 974 penitus
715 908 748 949 se
765 885 899 948 numine
914 881 998 946 vinci

184 1004 305 1086 Sentit,
324 1019 357 1068 et
370 1003 529 1070 abscisum
545 1001 705 1091 quidquid
720 1000 827 1090 pudor
841 1015 916 1063 ante
936 994 1107 1072 monebat,

183 1118 267 1182 'l'um
283 1117 414 1182 thalami
428 1117 590 1204 penetrale
605 1115 700 1204 petit,
715 1137 786 1202 quae
802 1114 938 1178 maxima
952 1123 1045 1173 norat
1156 1120 1193 1159 ³2⁵

181 1229 307 1295 Auxilia
324 1231 499 1295 Haemoniae
517 1251 663 1316 quaerens
684 1251 743 1318 pro
758 1248 833 1315 rege
848 1226 972 1291 carinae.

181 1341 288 1432 thue
305 1344 419 1432 procul
440 1344 568 1433 magicis
587 1344 738 1432 spirantia
756 1357 837 1408 tecta
855 1340 1005 1417 venenis,

179 1457 222 1522 Et
242 1480 330 1522 saevae
350 1473 482 1546 patuere
506 1457 607 1538 sores,
633 1457 802 1544 oblataque
819 1470 928 1520 contra

179 1570 316 1653 Omnia,
331 1593 402 1659 quae
419 1571 540 1653 Ponto,
555 1595 626 1660 quae
643 1572 793 1636 Manibus
808 1571 892 1634 eruit
907 1569 995 1647 imis,
1048 1634 1052 1642 Ι

178 1685 220 1750 Et
235 1708 307 1774 quae
323 1686 497 1774 sanguinea
513 1687 611 1751 Lunae
628 1687 789 1752 distrinxit
805 1685 846 1750 ab
863 1686 929 1748 ira:
1149 1692 1190 1731 ³³0

221 1800 335 1878 «Tune
344 1802 498 1888 sequeris,
510 1802 568 1883 ait,
580 1799 769 1889 quidquam,
776 1815 832 1864 aut
847 1798 967 1886 patiere
978 1790 1185 1884 pudendum,

165 1956 217 2004 iar.
234 1959 290 2004 Part
303 1956 366 2004 bunc
383 1971 443 2004 vera.
459 1957 604 2006 desideratur
621 1957 703 2004 saliam
718 1957 836 2019 integram
853 1971 867 2000 ι
884 1969 917 2000 va.
935 1953 980 2000 32²
998 1951 1028 1997 ad
1050 1966 1082 1995 vr.
1101 1948 1147 2009 359
1162 1948 1186 1991 iu

138 2033 209 2082 Μὴ.
221 2035 425 2084 continuatas.
441 2051 461 2094 7,
473 2036 524 2096 357.
543 2039 605 2084 nine
620 2038 681 2082 nita
698 2037 786 2082 Bonam
798 2034 851 2080 eod.
867 2059 897 2068 —
914 2032 967 2078 330.
984 2032 1082 2076 haam.
1096 2029 1184 2073 bonon.

137 2112 185 2159 tad.
199 2116 290 2162 Boron
303 2117 322 2161 t.
333 2117 397 2162 iant.
409 2116 461 2162 tlt.
473 2117 515 2162 En.

135 2239 246 2302 cambit,
270 2238 354 2295 donee
374 2239 461 2294 denuo
480 2242 568 2296 vocari
587 2241 635 2294 eibi
680 2243 743 2308 buc,
755 2241 850 2312 quibus
861 2240 923 2293 celo
935 2237 1118 2297 deduceretur,
1132 2235 1183 2286 ira·

134 2317 246 2384 videtur,
255 2322 391 2393 januaque
402 2323 514 2372 cardines
524 2325 636 2388 bnpaisas
679 2337 705 2376 ta
716 2322 850 2385 emittere,
865 2331 889 2373 et
904 2319 931 2372 in
946 2318 1040 2370 herbar
1050 2327 1075 2369 et
1087 2315 1182 2386 grami-

134 2395 222 2451 iterurn
234 2398 359 2470 opinatur
371 2400 478 2452 moveri.
678 2419 711 2451 ua
722 2399 860 2454 effundere
872 2398 1034 2452 credebatur.
1044 2395 1141 2448 Similia
1150 2395 1184 2446 Ιο-

163 2477 636 2550 323346Mutatigitnrenbitomen·
678 2497 725 2532 cus
743 2492 781 2533 eet
801 2479 903 2542 Ovidii,
915 2482 1004 2530 Amor.
1022 2477 1066 2541 ΙΙ,
1085 2494 1114 2537 ι,
1130 2475 1180 2527 ·ι3;

131 2563 337 2630 ltm,opemque
354 2557 442 2610 latoni
458 2557 527 2610 ferre
547 2557 634 2610 denuo
680 2561 793 2610 Carmine
805 2563 945 2628 sanguinea·
957 2561 1079 2608 dedeceant
1091 2573 1182 2606 cornua

131 2634 271 2688 aauetitait.
283 2635 373 2701 Quum
386 2655 448 2707 ergo
462 2639 559 2688 numine
568 2655 633 2708 quo·
677 2641 749 2689 luna.
762 2638 794 2690 In
805 2638 884 2708 longo
894 2635 1010 2708 ejusdem
1021 2631 1119 2686 Medeae
1129 2649 1181 2682 me·

129 2709 186 2767 dam
199 2719 299 2783 parteis
318 2719 396 2775 annai,
413 2726 497 2769 totum
516 2714 632 2767 animum
676 2712 835 2769 dictaminum
854 2713 945 2767 indice
963 2711 1034 2784 apud
1058 2708 1179 2763 eumdem

130 2793 241 2864 impelli,
252 2792 383 2860 obsideri,
395 2797 503 2857 sentiret,
517 2807 543 2848 et
555 2798 633 2846 abaci·
675 2794 799 2854 Ovidium
807 2835 815 2859 ‚
823 2795 928 2847 Metam.
936 2792 998 2858 vlt,
1009 2793 1058 2853 ²64
1068 2808 1107 2861 aq.
1118 2801 1176 2840 aunt
1222 2851 1227 2856 ι

128 2891 187 2934 tan,
214 2891 355 2926 uranum
381 2891 454 2935 ecee,
478 2874 631 2940 evanuiaee,
675 2872 752 2926 etiarn
762 2881 943 2942 exeeptoetana
950 2886 1066 2940 pernocte
1070 2873 1180 2937 pratum

127 2955 247 3021 quiaquia
253 2955 403 3020 perdonante
413 2957 537 3014 ttwnebat,
547 2954 631 3024 pudo·
675 2953 735 3007 vide
751 2964 776 3004 et
793 2954 917 3006 Noenum
937 2971 1015 3024 cupra
1025 2993 1031 3017 ‚
1042 2951 1093 3013 vl,
1107 2956 1176 3018 447:

127 3029 159 3082 tit
172 3031 291 3094 monita,
308 3046 358 3082 tum
375 3033 479 3084 thalami
491 3037 628 3100 penetrale,
674 3031 780 3083 Atracio
799 3038 891 3082 Lanam
909 3050 1002 3083 ueneno
1020 3044 1178 3098 spumantem.

94 3127 104 3144 ⁸
125 3107 232 3163 interius
242 3109 366 3163 conclave
376 3147 384 3172 ‚
390 3114 465 3177 petit,
478 3111 524 3164 ubi
535 3111 629 3166 herbae
672 3139 707 3149 -
720 3110 770 3162 ndi
785 3121 908 3181 praeterea
923 3109 998 3163 Statii
1008 3109 1095 3161 Theb.
1110 3120 1180 3161 noet-

124 3189 243 3243 tembat
254 3188 386 3251 conditae,
397 3193 508 3250 anaide,
517 3211 572 3259 quae
580 3211 629 3242 ma·
671 3188 748 3245 edT.
759 3191 799 3256 11,
808 3209 834 3264 p.
846 3189 909 3253 nt,
919 3192 964 3244 ubi
976 3190 1010 3243 de
1021 3194 1105 3241 labore
1113 3193 1178 3240 lance

123 3271 203 3328 sina,
216 3268 414 3336 praesentissima
421 3309 429 3335 ‚
437 3284 512 3321 norat
519 3307 526 3330 ,
531 3290 580 3338 pre
591 3291 628 3322 re-
671 3271 824 3340 ampliorem
832 3281 924 3322 notam
935 3270 1057 3323 inveniet.
1067 3271 1118 3322 Eu.

121 3367 163 3415 ge,
179 3347 319 3421 principe,
339 3352 482 3410 Haemonia,
498 3349 626 3402 Thessali·
707 3351 766 3404 331.
776 3352 906 3403 Jamvero
917 3351 1063 3403 Jaaouiauo
1076 3351 1176 3420 potissi·

123 3443 175 3490 ct,
188 3431 284 3478 carina
295 3431 435 3496 quesitam.
670 3447 743 3482 mum
754 3431 892 3502 profutura
900 3448 1000 3484 venena
1015 3427 1107 3500 eliget?
1126 3429 1175 3481 Mi-

154 3507 218 3577 3²7.
226 3509 318 3557 Procul
326 3509 426 3574 magicis
434 3508 553 3574 spirantia
563 3523 627 3559 tecta
670 3508 740 3561 nime
756 3511 915 3577 vero(eonf.
934 3508 968 3562 ad
984 3521 1069 3562 totum
1086 3510 1172 3561 locum

122 3588 234 3645 menis,
248 3583 343 3638 odoret
363 3585 505 3640 herbarum
522 3605 552 3639 ex
569 3605 627 3640 cou-
671 3587 791 3658 Apollou.
803 3589 855 3651 111,
869 3589 917 3642 801
931 3608 970 3660 aq.
985 3593 1005 3658 ).
1019 3589 1175 3642 Laudabunt

120 3663 186 3716 clavi
198 3664 253 3718 late
264 3664 347 3736 eparci
359 3677 458 3718 aunt...
472 3669 556 3718 obtata
570 3685 626 3717 can·
669 3684 772 3720 mecum
788 3685 878 3720 omnen
891 3679 973 3738 poeta
985 3679 1172 3730 commentum,

120 3759 156 3794 tra
165 3747 266 3804 emnia,
276 3745 311 3797 ob
318 3745 410 3797 oculos
418 3745 531 3800 babebat
541 3755 625 3798 totum
669 3764 723 3816 quo
732 3745 826 3798 honori
834 3746 932 3800 Medeae
946 3747 1033 3800 denuo
1045 3747 1172 3813 contulit,

118 3839 282 3876 neumarum
292 3834 446 3896 apparatum
456 3862 463 3887 ‚
472 3843 527 3892 qaoe
534 3830 625 3884 Ponto,
669 3843 825 3896 murumque
834 3825 942 3897 pudoris
954 3828 1034 3880 semei
1046 3827 1132 3880 adbuc
1146 3829 1171 3881 in

117 3919 146 3952 ex
161 3902 241 3954 ten-ia
253 3901 340 3955 Ponto
360 3902 555 3974 adjacentibus,
570 3925 625 3972 qaue
669 3905 785 3958 animum
795 3905 932 3977 ejasjubet
942 3903 1036 3958 redire.
1049 3905 1140 3970 Quid?
1151 3908 1173 3962 ai

118 3985 233 4034 truitae
241 3986 305 4033 eterit
313 3985 378 4042 imis,
388 3983 528 4049 etumnlit,
537 3984 623 4055 tepui-
667 3981 707 4036 hit
720 3984 844 4046 venenis,
859 3984 896 4036 ita
909 3984 1058 4054 loquentem
1071 3984 1172 4042 inducit

116 4061 164 4112 nis
176 4061 305 4123 collecta,
319 4076 343 4113 et
355 4083 410 4130 quer
422 4067 561 4132 sanguinent
577 4070 623 4114 Ln-
666 4061 839 4116 miserandam
852 4063 999 4135 virginem,
1014 4063 1095 4135 quid?
1107 4067 1129 4118 ai
1142 4068 1169 4121 iu

115 4159 152 4188 aas
163 4142 293 4192 diarmait
302 4145 312 4209 (
321 4140 413 4194 melina
423 4145 566 4204 destrinxit,
580 4142 624 4194 de·
667 4160 709 4194 me
720 4143 804 4213 ipsam
813 4143 888 4195 utar?
899 4149 964 4194 tnnc
973 4148 1089 4212 sequeris,
1099 4165 1169 4219 agar,

115 4217 209 4288 tenir)
228 4222 261 4270 ab
289 4223 340 4282 ira,
365 4239 483 4291 spumam
511 4239 621 4292 nempe,
667 4221 760 4283 facias,
782 4226 929 4289 quidquam,
948 4240 993 4274 ant
1011 4229 1108 4290 patiare
1122 4251 1168 4296 pn·

114 4313 195 4365 qum
214 4297 289 4350 Luna
311 4299 483 4352 veneficarum
502 4300 624 4354 carmini·
666 4304 783 4362 dendnm,
798 4303 890 4368 netis,
907 4323 979 4370 qaum
996 4310 1041 4358 nbi
1056 4323 1092 4359 tat
1111 4329 1170 4359 rnor-
