3124 5132
344 554 931 658 sncousumcou'ntasvr
1161 591 1179 656 s

147 701 231 762 fluvii
252 701 379 764 Phasidis
401 701 598 776 sacerdotem,
621 703 739 777 incidit,
761 705 812 782 qui
833 703 923 762 filium
942 703 990 788 (G)
1011 707 1140 783 Cyrnum
1161 727 1177 764 e

148 794 252 873 praelio
264 807 452 854 revocaturus
467 795 497 852 in
514 813 647 873 campum
663 809 790 856 venerat.
804 800 869 858 Hoc
880 810 1047 876 perempto,
1060 797 1177 858 obviarn

147 886 203 944 sihi
218 886 324 945 luctrun
340 885 392 964 (fl)
405 886 568 960 Canthum,
583 894 799 967 Argonautam,
820 889 903 948 hasta
918 890 1056 950 confodit.
1078 891 1177 952 Advo-

148 977 210 1036 lant
224 978 308 1058 (1-tt)
319 981 495 1057 Argonautae
509 978 591 1050 Idas,
605 981 760 1059 Meleager,
774 981 946 1055 Menoetius,
960 984 1078 1056 Pollux,
1088 985 1175 1044 Telu-

148 1089 237 1143 mon;
266 1083 297 1129 et
319 1071 520 1148 gravissimum
544 1072 637 1132 oritur
664 1086 809 1134 certarnen
834 1074 872 1133 de
893 1074 997 1134 Canthi
1016 1075 1179 1147 cadavere,

149 1161 228 1239 qood
240 1162 395 1222 Telamoni
411 1162 527 1224 tandem
542 1164 682 1244 contingit
701 1167 835 1245 eripere,
851 1180 881 1225 et
902 1168 932 1226 iu
953 1165 1003 1247 (0)
1022 1171 1180 1248 Euryales,

148 1261 330 1313 Amazonum
345 1255 468 1334 reginae,
484 1275 574 1314 curru
592 1259 697 1316 locare.
718 1259 843 1336 Euryale
863 1259 926 1338 ipsa
946 1260 1054 1319 sociam
1075 1281 1106 1319 se
1126 1261 1183 1320 dat

148 1349 341 1426 Argonautis,
363 1348 458 1406 securi
478 1349 562 1406 letale
575 1349 681 1408 vulnus
694 1349 799 1429 infligit
811 1349 979 1422 Gesandro,
995 1352 1046 1429 qui
1060 1352 1176 1412 tandem

149 1439 342 1498 moribundus
356 1439 481 1512 corruit,
494 1439 630 1515 279385.
645 1441 832 1509 Ariasmenus
849 1441 958 1499 falcatis
972 1441 1105 1502 curribus
1118 1463 1179 1502 ma-

149 1553 232 1611 gnam
246 1533 373 1592 intentat
387 1531 502 1590 Colchis
515 1531 642 1605 cladem,
656 1532 693 1592 ad
707 1553 793 1611 quam
810 1531 997 1592 avertendam
1009 1533 1073 1614 ipsa
1083 1533 1176 1592 Pallas

147 1625 278 1684 Medusae
289 1638 380 1703 caput
392 1623 545 1695 admovet,
560 1643 620 1703 que
636 1626 758 1696 factum,
773 1638 805 1684 ut
820 1626 889 1703 equi
908 1626 1083 1686 consternati
1098 1640 1181 1685 retro·

148 1731 353 1792 verterentur,
372 1735 531 1796 currusque
551 1718 690 1796 implicati
715 1720 794 1798 ipsos
815 1717 947 1778 dominos
972 1717 1177 1790 conciderent,

148 1813 302 1890 ipsumque
317 1811 538 1882 Ariasmenum,
557 1811 699 1880 tau-426.
721 1815 785 1870 lum
800 1829 869 1868 vero
887 1815 965 1869 luno
981 1809 1027 1868 his
1043 1809 1180 1869 omnihus

148 1907 246 1964 Iasoni
259 1924 315 1963 suo
330 1903 439 1962 aditum
452 1901 489 1961 ad
500 1921 619 1962 aureum
629 1903 722 1961 vellus
732 1921 791 1960 non
805 1901 912 1981 pandi,
925 1901 1014 1960 immo
1025 1920 1097 1960 vero
1111 1921 1177 1960 cum

149 1996 326 2054 flammiferis
343 1995 433 2053 tauris
447 1993 630 2072 Cadmeaque
647 2003 743 2072 segete
764 1992 971 2054 decertandum
991 1995 1054 2053 fore
1069 1994 1176 2072 praevi-

149 2087 237 2160 dens,
247 2085 398 2157 Medeam,
411 2086 530 2164 magicae
549 2086 661 2164 qnlppe
677 2087 747 2145 attis
766 2085 983 2164 peritissimum,
996 2105 1085 2144 unam
1098 2106 1178 2158 esse,

150 2180 230 2256 cujrrs
244 2198 304 2257 ope
323 2182 458 2237 iasonem
472 2197 489 2238 a
504 2179 640 2256 periculis
654 2176 777 2236 liberare
790 2178 899 2256 possit,
919 2179 1076 2250 existimat,
1097 2198 1176 2257 praa-

152 2273 266 2344 sertim,
282 2272 307 2330 si
321 2271 432 2331 artibus
448 2272 564 2352 magicis
578 2291 661 2330 eruor
675 2272 789 2356 Jasouis
803 2271 936 2344 accedat,
951 2271 1094 2345 [μγ-454.
1109 2271 1179 2334 adis

152 2383 222 2442 ergo
236 2369 399 2436 Venerem,
423 2383 489 2442 quas
508 2377 537 2421 et
557 2363 703 2442 cingulum
725 2362 793 2436 dat,
815 2376 845 2420 et
869 2361 1058 2438 obsequiosos
1079 2381 1178 2420 omues

154 2463 274 2516 huores
288 2475 371 2527 suos,
384 2456 527 2528 lii-477.
541 2450 655 2530 Quibus'
665 2455 800 2514 subsidiis
811 2456 962 2524 instructu,
979 2453 1108 2526 Medeae,
1123 2454 1177 2513 ad-

153 2562 266 2627 sumpta
280 2548 450 2627 Chalciopes
463 2549 571 2606 sororis
585 2561 613 2607 ct
628 2549 701 2607 facie
715 2559 745 2606 et
756 2565 843 2620 voce,
855 2545 1016 2626 persuadet,
1029 2558 1062 2604 ut
1073 2548 1178 2605 muenia

152 2661 248 2700 mum
273 2640 427 2713 escendat,
442 2640 479 2700 sd
494 2641 580 2702 fortia
590 2643 824 2722 Argonautarum
842 2641 916 2698 sacta
927 2638 1098 2716 spectanda,
1112 2641 1180 2712 478-

154 2735 221 2794 506.
240 2740 325 2794 Inter
349 2745 462 2792 mutuas
484 2732 576 2792 caedes
598 2733 725 2792 eminent
739 2730 909 2792 fortitudine
920 2729 1064 2808 Absyrtus
1086 2743 1115 2789 et
1134 2731 1180 2810 (Ρ)

153 2830 250 2900 Aron,
264 2839 294 2884 et
308 2825 359 2905 (Q)
369 2831 479 2904 Argus,
492 2826 566 2883 lilius
573 2825 696 2904 Phryxi,
710 2824 762 2906 (n)
778 2825 887 2896 Calais,
901 2829 1078 2902 Argonauta,
1090 2823 1180 2903 (s-T)

152 2923 281 2996 Eurytus
292 2931 323 2976 ct
336 2921 451 2986 Nestor,
463 2917 562 2976 itidem
573 2923 764 2997 Argonautae,
778 2917 920 2990 507-574.
935 2921 997 2976 Prae
1009 2917 1072 2974 aliis
1083 2928 1179 2975 tamen

151 3009 289 3070 omnihus
309 3017 444 3070 iasonem
467 3011 558 3070 oculis
579 3011 765 3090 prosequitur
787 3010 910 3082 Medea,
933 3010 1022 3088 magis
1045 3007 1140 3067 adhuc
1163 3031 1180 3068 a

150 3111 268 3164 lunone
289 3105 424 3176 incitata,
443 3103 582 3176 575-601.
605 3101 714 3164 Eadem
731 3103 808 3162 iuno
827 3101 921 3182 ipsum
942 3105 1076 3160 iasonem
1096 3102 1180 3159 novis

150 3198 264 3256 viribus
276 3197 408 3268 instruit,
422 3209 456 3254 ut
466 3195 578 3254 Medeai
591 3215 653 3255 sese
664 3193 750 3264 rebus
764 3194 901 3271 preclare
913 3190 1046 3272 gerendis
1057 3191 1180 3270 probet,

150 3291 291 3348 masao.
305 3294 414 3348 Praeter
427 3289 499 3347 alios
512 3289 658 3346 minorum
669 3287 797 3365 gentium
809 3286 906 3358 duces,
919 3304 993 3363 quos
1005 3305 1104 3343 omnes
1121 3287 1181 3344 lun-

151 3383 214 3454 dit,
229 3395 337 3440 contre
350 3397 418 3440 eum
432 3381 553 3459 insurgit
565 3381 702 3450 Colaxes,
718 3379 814 3456 ipsius·
821 3379 902 3438 Jovis
913 3379 1005 3449 lilius,
1021 3379 1072 3456 qui
1087 3378 1180 3457 pluri-

153 3474 210 3534 hns
227 3474 360 3544 Colchis,
379 3475 409 3530 in
424 3473 469 3532 his
480 3473 531 3554 (U)
544 3471 660 3549 Tydeo,
677 3472 820 3534 destinato
835 3472 916 3530 lluvii
933 3469 1065 3531 Phasidis
1084 3477 1182 3529 sacer-

152 3567 231 3638 dote,
239 3565 536 3644 coniectis,impetum
545 3565 661 3624 tandem
672 3565 740 3622 facit
747 3565 776 3622 in
785 3569 802 3624 J
803 3583 921 3622 usonem
930 3583 1000 3622 saxo
1010 3563 1184 3642 praegrandi,

151 3657 232 3736 qnod
244 3671 342 3716 tamen
351 3662 428 3715 Juno
443 3655 478 3715 ad
494 3657 581 3716 alium
593 3657 705 3716 avertit.
718 3654 844 3714 Advolat
855 3661 959 3728 lason,
972 3668 1002 3714 et
1011 3655 1183 3733 jactatorem

149 3750 253 3808 lancea
267 3745 412 3820 confodit,
427 3747 568 3808 dar-656.
583 3749 635 3810 llis
648 3748 782 3807 omuibus
792 3747 897 3806 Medea
909 3748 1044 3826 abrepta,
1058 3761 1100 3820 et,
1110 3747 1181 3826 quid

150 3853 238 3919 agat,
252 3841 368 3914 nescia,
383 3839 523 3900 simulatae
538 3842 648 3900 sororis
662 3841 771 3903 monile
785 3841 907 3919 (cessum
917 3842 1053 3916 Veneris)
1067 3854 1183 3900 contre-

150 3945 223 4006 ctat,
234 3951 329 4010 eoque
339 3933 376 3992 ad
388 3949 517 4012 umorem
529 3934 618 4012 magis
630 3933 806 4007 incenditur,
817 3935 969 4012 sororique
981 3935 1017 3994 de
1030 3932 1183 4012 peregrino

151 4039 213 4084 tam
223 4026 293 4084 lorti
300 4026 524 4086 sollicitudinem
539 4028 645 4086 fatetur
658 4044 754 4100 snum3
766 4047 826 4106 quo
838 4029 923 4099 facto,
937 4033 1013 4088 Jnuo
1024 4045 1087 4085 eam
1101 4024 1184 4084 relin-

152 4119 232 4198 quit,
248 4119 391 4192 657-680.
413 4118 518 4177 Medea
535 4119 631 4200 pergit
650 4119 687 4178 de
710 4137 795 4178 muro
817 4133 951 4198 spectare
970 4119 1115 4196 praelium,
1135 4117 1183 4174 cni

151 4233 245 4291 quum
258 4231 290 4270 se
307 4212 508 4271 immiscuisset
521 4212 570 4292 (V)
589 4215 736 4290 Myraces,
751 4211 926 4271 Parthorum
941 4211 1017 4290 regis
1033 4209 1069 4268 ud
1083 4215 1185 4270 AEeten

153 4307 281 4386 legans,
296 4325 314 4368 a
327 4308 422 4382 Syene
435 4305 583 4375 sternitur,
593 4304 671 4382 quod
689 4319 783 4364 tamen
797 4301 947 4374 Medeam,
960 4303 989 4360 iit
1004 4303 1066 4362 solo
1079 4307 1187 4361 lasone
