3150 5126
367 477 430 546 288
803 478 995 544 ORPHEl

409 611 597 676 Aecelerare
611 609 749 692 jubent,
773 611 966 702 Minyasque
982 609 1123 676 insidere
1143 610 1298 676 ueneno

411 723 463 790 Ad
481 747 565 814 quos
583 741 655 790 tum
669 725 794 790 volucri
812 749 962 792 sermone
981 727 1139 816 loquutus
1154 725 1265 790 Iason:
1406 745 1445 784 nto

455 839 561 922 «Vos,
576 839 638 922 ait,
652 839 795 904 illustres
810 863 979 930 proceres,
991 839 1147 906 advertite
1163 863 1172 906 ε
1186 861 1327 928 namque

412 955 485 1044 lpse
507 977 570 1044 ego
589 977 642 1019 ine
663 955 767 1020 nolim
786 977 896 1046 regem
915 955 1105 1022 melioribus
1122 977 1209 1020 esse:

412 1069 499 1160 Ergo
506 1067 632 1160 ‚ducem
650 1091 891 1160 quemeumque
905 1071 1033 1136 animus
1049 1069 1243 1160 persuaserit
1255 1091 1343 1135 unus

413 1185 563 1250 Proferte
582 1186 719 1270 heroes3
735 1186 781 1250 illi
797 1186 863 1252 sint
878 1187 989 1252 omnia
1002 1209 1107 1270 cure,

414 1299 481 1382 Qui
499 1299 599 1366 rebus
614 1299 753 1382 modus,
777 1317 810 1366 et
826 1324 898 1390 quse
916 1301 958 1366 sit
977 1301 1137 1368 sententia
1155 1299 1265 1384 dictis,
1407 1320 1445 1359 ²⁸⁵

413 1417 527 1498 Quum
545 1431 637 1481 terre
653 1415 825 1500 accedent,
846 1432 879 1481 et
893 1439 997 1506 quum
1015 1415 1215 1484 transibimus
1233 1439 1355 1508 equor,

411 1531 484 1596 Sive
501 1531 598 1596 etiam
616 1531 774 1614 Colchos,
787 1532 862 1596 alias
880 1555 939 1597 seu
956 1533 1122 1622 poscimus
1139 1553 1222 1597 oras.

412 1645 496 1712 listis
513 1647 600 1711 enirn
615 1669 755 1711 nurnero
770 1647 885 1731 simul,
908 1664 942 1713 et
957 1647 1078 1713 virtute
1098 1647 1243 1736 priores,

415 1762 457 1826 Et
474 1777 614 1826 maneta
634 1761 759 1850 superis
774 1761 928 1828 nascendi
947 1763 1048 1854 gloria
1064 1761 1178 1844 vobis,

413 1875 458 1938 llt
471 1875 562 1940 labor
576 1875 630 1940 hic
649 1875 738 1940 nulla
751 1876 937 1940 communis
954 1874 1051 1941 laude
1068 1891 1212 1944 cenatur.
1398 1881 1446 1947 'aso

410 1989 474 2054 Sed
493 2013 601 2078 neque
618 1991 674 2078 qui
692 2006 844 2079 superet,
862 1991 912 2056 vel
930 1991 972 2054 sit
989 1991 1202 2080 praestantior,
1217 1991 1320 2056 ullum

411 2107 552 2171 Hercule
568 2129 643 2196 rege
659 2123 791 2194 putem,
808 2108 904 2171 simul
921 2123 954 2170 et
966 2108 1160 2196 cognoscitis
1173 2109 1266 2196 ipsi».

454 2219 507 2285 Sic
519 2221 582 2303 ait,
598 2237 630 2286 et
643 2222 753 2284 cuncti
773 2219 948 2286 laudarunt
965 2219 1051 2286 dicta
1065 2223 1227 2304 turnultu3

416 2335 458 2398 Et
474 2335 596 2399 clamor
609 2336 777 2423 sequitur,
796 2359 907 2424 regern
924 2337 1027 2424 placet
1041 2359 1111 2402 esse
1128 2335 1311 2426 ducemque

411 2449 562 2534 Alciden,
576 2451 674 2539 longe
692 2450 797 2514 socios
812 2451 868 2538 qui
883 2451 1051 2516 excelleret
1064 2475 1189 2518 ornnes.
1405 2473 1445 2525 ηε

415 2569 491 2634 Non
505 2564 580 2630 tulit
593 2563 720 2630 Alcides
735 2565 895 2653 prudens,
912 2588 1053 2654 namque
1068 2567 1121 2631 ille
1133 2567 1253 2632 sciebat

411 2679 577 2748 AEsonidae
591 2701 649 2768 per
662 2679 749 2758 jussa
764 2678 834 2744 dari
848 2681 986 2746 lunonis
999 2681 1176 2764 honorem,

412 2798 457 2860 Ut
469 2793 570 2860 decus
584 2795 617 2859 in
633 2793 749 2883 longos
764 2795 849 2858 illius
862 2813 1015 2885 proroget
1027 2818 1144 2861 annos.

410 2908 492 2974 lnde
504 2909 623 2974 ducem
638 2909 721 2972 clara
738 2908 884 2975 decernit
898 2910 1012 2975 lasona
1027 2932 1107 2976 voce

411 3025 656 3114 Quinquaginta
669 3028 776 3114 Argus
791 3026 887 3089 remis
904 3041 1052 3115 terraque
1072 3029 1228 3117 marique.
1404 3049 1444 3087 sm

409 3143 495 3206 Tum
512 3162 644 3228 quoque
661 3141 845 3206 collaudant
862 3140 982 3206 Alcide
995 3141 1082 3221 jussa
1097 3146 1242 3210 tumultu

412 3258 564 3338 Sublato,
581 3272 614 3319 et
629 3256 777 3344 princeps
792 3258 843 3322 his
858 3279 927 3321 esse
941 3257 1069 3322 videtur
1080 3261 1185 3326 lason.

454 3371 519 3437 Sed
536 3393 640 3459 quum
657 3394 781 3459 pronus
800 3374 893 3461 equis
909 3373 974 3452 jam
989 3374 1099 3440 labens
1112 3375 1330 3442 oethereTitan

411 3489 594 3566 immenso,
608 3486 759 3551 tenebras
772 3485 907 3550 inferret
919 3489 1024 3552 noctis
1037 3510 1162 3577 opacae,

408 3605 493 3668 Turn
505 3623 616 3665 secum
628 3600 801 3666 AEsonides
814 3601 898 3666 intra
914 3603 1091 3691 praecordia
1105 3622 1234 3690 cautus,
1401 3636 1442 3676 sos

411 3715 543 3783 Foedera
559 3715 684 3796 juratos
704 3717 814 3779 statuit
832 3714 961 3780 firmare
979 3717 1141 3807 fidemque
1232 3801 1235 3808 .

408 3835 548 3912 Heroas,
563 3831 668 3894 stabili
683 3846 854 3894 serventur
870 3833 1031 3896 utomnia
1045 3851 1132 3900 voto.

409 3948 519 4028 Tunc,
534 3945 669 4026 Museo,
687 3945 784 4031 patris
797 3967 907 4009 carum
921 3969 1023 4034 genus
1038 3949 1261 4038 Antiophemi,

410 4062 463 4126 llle
480 4081 652 4148 properare
666 4058 759 4138 jubet
775 4059 991 4145 pulcherrima
1009 4084 1096 4126 sacra
1112 4057 1289 4152 parantem'.

411 4182 484 4267 lpse
500 4197 594 4262 pyras
610 4174 709 4262 igitur
727 4173 868 4260 spatioso
886 4176 916 4238 in
935 4177 1030 4240 litore
1047 4182 1147 4244 struxi
1401 4209 1442 4246 no
