3266 5132
414 519 476 586 252
576 521 661 586 1³10
691 521 939 603 AUCTORE,
962 520 1311 590 SUPPLEMENTA

457 652 574 718 hlacris
589 653 711 718 Aristaei
729 654 839 745 virgo,
856 655 913 743 qui
931 651 1035 717 dulcia
1053 653 1145 718 mella

455 768 626 856 Repperit,
642 784 675 833 et
690 770 828 858 pingues
846 790 962 834 succos
978 767 1123 832 canentis
1141 768 1242 832 olivoe.

455 882 513 946 Illa
531 881 629 948 deum
645 883 810 972 complexa
827 884 903 948 sinu
920 881 1084 970 Nyseion,
1099 883 1182 948 alma

454 997 580 1062 Euboia
594 997 741 1088 genitum
756 998 902 1064 confovit
915 996 1077 1064 Abantide
1094 998 1205 1062 nutrix

455 1110 616 1174 Infantem
633 1111 804 1194 miserata,
824 1135 910 1178 novo
929 1110 1144 1176 madefecerat
1158 1132 1215 1177 ora

454 1224 552 1290 Arida
569 1225 662 1290 melle
675 1227 811 1310 Macris,
829 1249 932 1315 quum
951 1249 990 1291 ex
1006 1225 1134 1291 flamma
1147 1227 1245 1292 ferret
1261 1229 1413 1295 lecchum

451 1339 632 1404 Mercurius
646 1341 775 1428 pernix,
793 1363 930 1429 puerum
948 1362 1047 1431 quem
1066 1339 1148 1406 duta
1164 1343 1322 1407 ferentem
1399 1331 1404 1336 ¹
1442 1365 1481 1404 1⁵⁵

451 1456 538 1519 luno
551 1453 680 1532 videns,
700 1470 768 1520 tota
783 1454 951 1546 indignata
970 1457 1125 1520 facessere
1139 1456 1235 1537 jussit

453 1568 581 1650 Insula,
599 1586 631 1634 et
647 1584 685 1633 ut
698 1593 790 1635 sacro
805 1568 970 1634 mandavit
985 1568 1117 1659 degeret
1131 1586 1245 1653 antro,

452 1679 624 1772 Indigenas
639 1683 771 1772 opibus,
788 1683 1006 1772 foecuttdaque
1022 1683 1141 1772 praedia
1156 1683 1272 1750 ditans.

378 1849 382 1857 ,
452 1795 513 1860 llic
527 1795 646 1885 Minyae
664 1797 826 1864 celebrare
847 1813 962 1886 parant
977 1797 1142 1862 connubia
1158 1797 1254 1881 festa,

453 1907 675 1998 Phryxteoque
690 1909 780 1990 jurat
794 1912 896 1976 lectos
913 1912 1060 1976 stravisse
1077 1911 1224 1993 metallo,
1444 1933 1482 1970 ιε»

452 2023 497 2087 Ut
514 2023 647 2089 meliore
665 2039 739 2089 toro
756 2024 859 2104 major
876 2047 1011 2114 quoque
1025 2024 1127 2115 gloria
1144 2039 1264 2115 surgat.

451 2139 614 2230 llorilegae
630 2155 809 2205 occurrunt
822 2139 1000 2228 Nymphae,
1017 2161 1090 2227 quae
1105 2140 1185 2204 lecta
1200 2141 1345 2205 canistris

452 2253 540 2318 Serta
555 2253 683 2336 ferunt;
700 2269 817 2319 stratos
834 2253 933 2318 imbri
950 2254 1100 2318 laetantur
1116 2253 1219 2320 odom

450 2369 593 2432 lrrorare
609 2385 716 2451 toros,
734 2369 888 2457 festisque
903 2366 1098 2457 applaudere
1114 2369 1245 2433 mensis.

450 2481 610 2546 Ardentes
624 2483 709 2546 oculi
724 2481 903 2572 Nymphis:
923 2482 995 2546 luce
1009 2482 1089 2545 atria
1101 2473 1247 2572 fulgent,
1440 2509 1480 2547 1ss

446 2597 624 2662 Ambrosiae
640 2620 699 2686 per
714 2597 810 2662 dorsa
826 2619 945 2678 comte,
962 2597 1139 2685 pluvioque
1157 2596 1322 2662 madentes
1411 2643 1414 2646 -

447 2713 600 2792 Nectare,
617 2711 764 2777 ditinum
780 2710 964 2776 fundebant
979 2711 1099 2775 vertice
1115 2709 1260 2776 odorem.

447 2827 512 2891 llas
528 2827 678 2914 genuisse
694 2826 804 2892 ferunt
819 2825 961 2914 AEgeum
984 2823 1125 2889 flumen:
1143 2841 1176 2889 at
1195 2825 1264 2888 illas

447 2939 592 3004 Collibus
608 2941 740 3005 excelsis
757 2940 946 3004 Meliteion:
966 2938 1024 3002 has
1039 2959 1154 3002 nemus
1168 2939 1269 3003 alttutt

447 3049 604 3134 Protulit,
621 3053 654 3116 in
671 3052 765 3117 viridi
784 3053 893 3117 solitas
912 3050 1076 3117 colludere
1096 3075 1222 3142 campo.

446 3165 599 3253 Impulit,
614 3166 795 3234 AEsoniden
811 3191 931 3258 magno
948 3166 1079 3258 dignata
1092 3170 1219 3249 littore,

445 3279 532 3342 luno
546 3279 633 3344 lovis
649 3303 800 3363 consors,
816 3281 946 3347 thalami
963 3281 1004 3347 ad
1020 3283 1184 3367 convivia,
1201 3283 1381 3373 Nymphas.

445 3392 554 3458 Exstat
568 3394 677 3459 adhuc
694 3419 820 3461 sacrum
837 3397 988 3462 celebmti
1006 3397 1148 3462 nomInis
1164 3413 1315 3480 antrum,

442 3507 565 3574 Medeae
579 3511 742 3578 formosus
759 3512 816 3578 ubi
832 3511 965 3602 genialia
983 3512 1085 3576 fulcra

442 3624 604 3712 Explicuit
621 3624 749 3710 ductor,
768 3649 871 3715 quum
887 3641 970 3690 terra
986 3641 1019 3690 et
1037 3625 1186 3714 pronuba
1202 3626 1289 3689 Iuno

442 3738 539 3830 Signa
555 3739 662 3823 dedit,
681 3741 772 3808 fulsit
784 3740 1013 3832 NymphIsque
1031 3738 1230 3805 ululantibus
1248 3739 1356 3804 aether.

484 3855 607 3920 Ileroes
625 3873 736 3922 contra
755 3857 867 3923 validis
887 3877 1045 3921 concussa
1063 3853 1187 3918 lacertis

438 3971 538 4031 Arma
551 3983 679 4051 tenent,
699 3993 741 4034 ne
759 3993 827 4059 quo
845 3971 992 4034 convivia
1008 3969 1090 4034 festa
1107 3968 1253 4033 tumultu

437 4079 571 4144 Pontica
589 4083 733 4147 turbaret
748 4106 866 4149 vesano
885 4084 1015 4148 turbine
1034 4083 1152 4148 classis.

436 4189 593 4256 Thracius
613 4195 732 4260 interea
752 4196 881 4262 citharae
898 4199 1073 4287 gratissIma
1092 4213 1178 4262 vates
