3150 5126
386 433 450 500 302
827 435 1024 502 OllPllEl

427 569 570 658 Navigii,
593 585 627 633 et
642 567 794 657 pulchras
807 569 976 640 callentem
991 569 1115 636 dixerat
1128 585 1223 636 artes.

427 681 568 772 Suscipit
584 682 638 747 hic
654 682 754 772 igitur
769 697 940 748 teutonum
958 684 1042 766 lora,
1060 706 1224 773 manuque

426 797 639 862 Parthenium
660 797 729 885 ipse
747 817 862 886 regens
882 800 971 888 Argo
987 796 1105 862 direxit
1121 799 1156 862 in
1176 819 1325 882 amnem,

428 913 538 978 luoola
554 933 653 1002 quem
670 911 781 976 nitidis
795 911 1020 1000 splendentem
1034 913 1114 980 dicit
1130 914 1172 978 ab
1192 915 1300 982 undis.

424 1028 583 1116 Alloquor
600 1027 704 1112 hunc,
719 1027 850 1116 Tiphyn
863 1029 989 1094 fueram
1007 1051 1073 1117 qua
1087 1051 1167 1094 voce
1183 1029 1352 1118 loquutus.

426 1143 564 1207 Emensa
581 1143 635 1208 hio
651 1143 775 1233 apicem
793 1143 918 1231 scopuli
936 1141 1099 1210 tendentis
1115 1144 1149 1209 in
1165 1167 1278 1232 equor
1416 1165 1450 1216 με

425 1255 629 1346 Cappadocas
645 1273 770 1346 praeter,
787 1279 884 1322 cursu
899 1279 1032 1346 quoque
1048 1259 1164 1348 puppis
1181 1258 1297 1324 eodem

425 1374 505 1436 Acta
518 1372 732 1438 Carambaeite
751 1373 857 1437 tenuit
876 1371 1014 1438 confinia
1034 1389 1137 1438 terrae.

426 1485 495 1550 lllio
507 1485 758 1568 lhermodoou,
775 1503 809 1551 et
823 1487 921 1576 llalys
936 1485 1115 1576 perlabitur
1131 1489 1261 1578 ingens,

424 1601 492 1686 Qui
508 1623 628 1692 magno
644 1601 744 1666 salsos
758 1599 882 1668 invadit
895 1601 1026 1666 turbiue
1041 1600 1172 1685 ducum,

426 1717 548 1806 lapsus
563 1717 605 1781 ab
618 1718 742 1782 Arctoas
757 1717 881 1782 boreali
897 1718 1016 1784 vertice
1032 1719 1145 1810 plage.
1413 1739 1450 1790 7³⁰

424 1833 534 1923 Longa
548 1832 773 1922 Themiscyres
788 1835 898 1924 regio,
921 1849 955 1898 et
968 1832 1149 1900 boeantidos
1166 1857 1242 1902 orae.

424 1947 509 2012 Hinc
523 1961 555 2010 et
568 1946 805 2012 Amazonidum
820 1963 937 2012 turmas
949 1947 1142 2038 panduntur
1155 1965 1337 2038 equestres,

423 2063 465 2127 Et
478 2061 655 2152 Chalybes,
668 2065 828 2152 socioque
844 2085 960 2128 manus
975 2063 1144 2152 Tybarena
1159 2063 1367 2153 frequentant

423 2177 551 2266 llegna,
569 2191 603 2240 et
619 2175 773 2266 Mosynes
787 2175 975 2265 junguntur
991 2176 1024 2240 in
1042 2177 1179 2243 urbibus
1195 2201 1270 2244 uua.

468 2289 623 2354 Conversi
639 2287 680 2352 ad
694 2289 803 2354 levam
819 2287 1010 2354 Maurorum
1028 2291 1221 2356 accessimus
1242 2315 1322 2374 oras,
1414 2310 1451 2360 7³⁵

424 2405 466 2468 Et
486 2402 695 2468 Mariandinis
716 2402 839 2469 meinos
855 2403 995 2471 vidimus
1014 2427 1119 2494 agros.

424 2520 509 2585 Hinc
527 2518 652 2586 Helices
674 2517 809 2608 longum
826 2517 1034 2607 protenditur
1051 2542 1182 2608 aequore
1194 2521 1336 2600 collum3

421 2633 506 2697 Hinc
523 2653 658 2721 quoque
677 2632 799 2696 litoreis
821 2632 935 2722 iugens
951 2632 1087 2697 vallatur
1104 2635 1209 2700 arenis

424 2750 579 2838 Campus,
599 2757 633 2810 et'
647 2746 778 2812 excelsas
791 2743 979 2833 despectant
997 2769 1126 2834 aequora
1141 2748 1246 2812 valles.

377 2873 384 2885 '
421 2861 518 2927 blons
535 2862 653 2952 Symus
672 2875 721 2924 est
740 2859 818 2924 urbs
833 2859 904 2936 his,
922 2860 1071 2925 viridanti
1090 2863 1233 2952 gramine
1249 2877 1397 2950 pratum,
1410 2882 1450 2928 sse

422 2980 506 3041 Arva
521 2992 631 3042 secant
648 2991 737 3040 vasto
753 2975 892 3064 strepitu
909 2975 1061 3040 devectus
1075 2979 1208 3058 Araxes,

379 3141 384 3154 .
422 3089 672 3170 Thermodoon,
690 3089 821 3177 rapidus
838 3088 967 3171 Phasis,
985 3091 1165 3180 Tenuisve
1181 3089 1335 3172 fluentes,

419 3205 543 3293 Inclyta
560 3203 618 3268 ubi
638 3201 750 3267 Colchi
769 3223 865 3292 gens,
884 3203 1111 3292 Heniochique
1125 3223 1158 3270 et
1172 3208 1291 3270 litasse.

462 3319 625 3408 Progressi
643 3333 803 3382 extremos
821 3334 951 3406 portus,
967 3320 1173 3408 populosque
1187 3319 1351 3402 videmus,

419 3437 523 3516 Uros,
540 3433 795 3522 Chidnaeosque,
815 3434 1051 3516 Charandaeos,
1066 3435 1295 3524 Solymosque,
1407 3455 1448 3502 iss

418 3551 458 3612 Et
471 3550 562 3630 juxta
575 3549 738 3638 Assyrios,
754 3547 955 3636 dorsumque
975 3534 1117 3614 immane
1132 3549 1290 3641 Sinopes,

416 3665 457 3728 Et
476 3663 639 3752 Philyres,
659 3665 858 3752 Naetasque,
874 3678 971 3752 atque
988 3663 1108 3753 oppida
1125 3665 1224 3730 densa
1239 3667 1423 3756 Sapeirusn,

417 3783 550 3868 Byreras
569 3777 760 3866 superbos,
783 3793 816 3842 et
831 3777 992 3867 inhospita
1009 3778 1299 3868 ruraSigymnuur.

414 3895 472 3958 His
488 3893 625 3982 impulsa
639 3893 716 3957 locis
730 3893 835 3956 ventis
847 3891 1031 3956 alilantibus
1045 3895 1131 3982 Argo

412 4008 527 4070 Fertur
542 4006 576 4068 in
592 4006 807 4085 immensum,
826 4005 966 4070 tenebris
985 4007 1186 4094 fugientibus
1200 4009 1330 4091 orbern,
1397 4032 1439 4080 750

411 4119 596 4198 Euxinum,
614 4117 751 4182 (reciduo
771 4117 889 4184 dehinc
906 4119 1044 4186 Phasida
1060 4123 1128 4186 sole
1144 4120 1301 4188 videmus.
