3220 5128
387 543 450 610 380
770 541 1067 610 CATALOGUS

377 663 486 754 palari
504 667 588 732 inter
610 669 811 756 Argonautas
835 681 998 747 recenset,
1015 687 1114 753 quem
1138 663 1241 730 illium
1261 664 1358 745 hujus
1377 666 1461 757 Hip·

380 771 515 860 paleirni
525 771 623 836 fuisse
637 770 753 852 credo,
767 789 799 837 et
814 795 935 836 nornen
948 770 999 835 rel
1011 770 1097 834 varie
1112 770 1272 859 positum,
1283 771 1334 834 rel
1347 795 1365 834 a
1378 773 1461 836 scri-

386 876 436 940 bis
460 893 653 963 corruptum
684 899 744 966 per
768 876 1000 966 compendium
1030 876 1197 964 scripturn
1226 893 1319 966 puto.
1348 877 1457 942 Schol.

353 1021 356 1027 v
384 979 548 1070 Euripidis
566 979 607 1046 ad
625 982 730 1048 Orest.
745 1002 790 1047 vs.
811 981 849 1064 5,
865 981 922 1046 nbi
938 997 1074 1048 stemma
1091 981 1218 1070 Pelopis
1236 981 1355 1066 hahet,
1372 982 1461 1046 inter

388 1087 456 1167 ejus
475 1085 557 1152 lilios
573 1089 668 1153 etiarn
685 1087 784 1154 habet
799 1087 1023 1178 Hrppalmtvn,
1039 1109 1137 1176 quem
1154 1087 1323 1177 descripsit
1336 1089 1403 1152 fere
1416 1088 1460 1153 ad

387 1193 526 1258 verbum
541 1196 688 1282 Apostol.
705 1211 789 1260 cent
811 1194 943 1279 XVlll,
957 1195 1047 1285 adag.
1066 1218 1085 1282 7
1102 1194 1202 1281 (male
1219 1192 1399 1260 illunkerns
1417 1215 1461 1258 eo
1519 1239 1522 1244 -

387 1319 525 1364 numero
537 1300 616 1365 citat
629 1301 828 1384 Zenobiam,
842 1303 934 1382 nujus
958 1317 1086 1366 tantum
1103 1323 1158 1366 sex
1171 1301 1341 1366 Centurias
1355 1299 1461 1364 edidit

388 1403 572 1492 Schottus).
587 1405 773 1496 Hypaleurd
780 1421 874 1471 vocat
889 1405 976 1470 idern
993 1406 1112 1496 Hygin.
1129 1429 1199 1497 oap.
1219 1406 1262 1486 84
1272 1423 1305 1470 et
1313 1427 1367 1494 97.
1382 1404 1462 1494 Hip·

384 1509 550 1598 palantum
576 1512 684 1578 Schol.
711 1511 843 1578 Pindari
860 1512 902 1577 ad
918 1513 1048 1602 Olymp.
1065 1514 1099 1596 1,
1115 1515 1192 1595 1443
1206 1511 1263 1578 ted
1278 1511 1459 1579 Munlterns

387 1618 541 1682 omnibus
557 1620 686 1707 praefert
703 1618 958 1708 Hr'prpaler’nrum:
976 1641 1037 1684 neo
1053 1619 1133 1683 mihi
1151 1619 1316 1710 displinet3
1333 1641 1409 1683 nam
1427 1635 1460 1683 et

389 1723 453 1788 hoc
470 1747 593 1790 nomen
612 1724 776 1792 Diodorus
794 1726 893 1791 habet
908 1727 964 1792 lib.
979 1727 1035 1810 lv,
1047 1749 1121 1817 pag.
1141 1727 1221 1810 188,
1235 1749 1274 1792 ex
1288 1749 1355 1815 quo
1371 1725 1459 1790 aliud

388 1827 472 1894 sorte
488 1847 625 1895 stemma
640 1831 738 1912 hujus
752 1834 946 1922 Argonautae
958 1829 1074 1896 oonlici
1087 1845 1214 1919 posset,
1226 1847 1264 1895 nt
1277 1853 1344 1894 non
1361 1831 1460 1894 fuerit

389 1934 516 2024 Pelopis
533 1935 636 2012 lilius,
651 1935 709 2002 sed
731 1937 833 2021 Itoni,
848 1955 881 2003 et
897 1937 950 2002 ille
966 1938 1084 2020 Boeoti,
1099 1936 1153 2002 hia
1165 1939 1289 2020 Arnes,
1304 1960 1377 2026 quae
1396 1935 1460 2002 filia

390 2037 476 2104 AEoli
495 2040 647 2124 secundi,
664 2041 716 2106 ille
734 2043 904 2131 Hippotis,
919 2043 976 2130 qui
993 2042 1178 2123 Mimantis,
1196 2056 1230 2106 et
1246 2042 1300 2106 hie
1317 2039 1461 2131 denique

389 2144 476 2210 AEnli
494 2146 609 2236 primi,
627 2170 666 2212 ex
683 2171 750 2236 quo
767 2149 862 2212 etiam
880 2149 977 2213 lason
994 2163 1027 2212 et
1043 2147 1174 2236 plurimi
1191 2151 1400 2238 Argonautae.
1417 2149 1459 2212 Ut

389 2251 488 2317 luerit
502 2275 580 2342 ergo
593 2253 787 2334 conjunctus
801 2254 958 2343 sanguine
970 2254 1078 2318 lasoni
1094 2269 1127 2318 et
1137 2253 1293 2336 Cretheo,
1303 2255 1362 2342 qni
1375 2252 1459 2318 filius

389 2357 487 2423 AEoli.
502 2358 706 2424 Descendere
712 2357 844 2448 quidem
854 2359 983 2449 longius
996 2359 1080 2422 infra
1091 2373 1238 2449 tempora
1251 2359 1322 2424 hate
1332 2357 1461 2424 ridetur

393 2459 529 2530 stemma
558 2463 655 2546 illnd,
669 2463 725 2529 sed
755 2481 788 2530 et
809 2465 924 2529 similia
953 2463 1127 2530 habuimus
1155 2466 1189 2530 in
1216 2465 1285 2530 aliis
1303 2489 1311 2529 ε
1328 2439 1413 2530 vid?
1426 2466 1459 2528 in

392 2571 522 2635 Aacoeo.

434 2803 582 2868 HYLAS.
611 2805 672 2870 cur·
696 2827 760 2868 non
785 2804 889 2870 dietus
910 2804 1011 2890 Hylas
1033 2807 1139 2893 puer?
1158 2803 1284 2893 vulgari
1308 2802 1394 2867 dicto
1421 2823 1460 2864 er

390 2909 501 3000 Virgil.
523 2910 641 3002 Georg.
656 2911 721 2994 111,
735 2911 772 2994 6,
787 2911 978 2994 celebratur,
991 2909 1166 2975 Theocrito
1175 2958 1185 2991 ,
1194 2909 1342 2999 Virgilio,
1357 2908 1458 2995 Apol-

388 3015 496 3098 lonio,
512 3016 616 3080 Valer.
636 3017 770 3100 Flacco,
787 3015 973 3105 Propertio,
990 3007 1110 3097 Statio,
1124 3029 1157 3080 et
1175 3014 1285 3078 multis
1303 3013 1371 3076 aliis
1389 3033 1459 3074 me·

392 3139 554 3204 moratus,
572 3120 646 3186 ride
672 3121 779 3188 Barth.
809 3121 851 3187 ad
879 3124 957 3188 Stat.
980 3121 1084 3187 Theb.
1100 3122 1140 3204 V,
1162 3119 1236 3200 443.
1267 3120 1363 3184 Pater
1390 3117 1460 3198 ejus

391 3229 522 3317 Hygino
541 3226 661 3292 dicitur
681 3228 894 3310 Theodamas,
923 3245 956 3294 et
976 3243 1079 3293 mater
1097 3227 1263 3292 Menodiee
1285 3221 1457 3314 Nympha,

391 3333 522 3398 Orionis
536 3331 609 3397 filia.
629 3334 677 3398 De
691 3349 782 3422 patre
799 3334 1009 3400 consentiunt
1022 3333 1118 3400 etiem
1132 3333 1205 3413 alii;
1224 3349 1256 3396 et
1271 3330 1350 3395 inde
1362 3329 1459 3394 Theo-

388 3439 577 3504 damanteus
590 3438 709 3504 dicitur
723 3439 907 3528 Propertio,
921 3439 977 3504 lib.
991 3441 1024 3522 1,
1041 3440 1121 3528 eleg.
1140 3461 1198 3520 ao,
1217 3437 1249 3504 6.
1266 3437 1458 3502 Scholiastes

390 3547 589 3635 Apollon.1,
609 3544 690 3628 231,
710 3543 983 3625 Theodamantis,
1006 3543 1063 3608 filii
1079 3543 1238 3633 Dryopis,
1256 3541 1361 3608 lilium
1375 3541 1457 3606 facit.

266 3661 268 3668 ’
390 3653 593 3718 Hellanicum
611 3669 718 3717 tamen
737 3652 986 3733 Theomanr'tem,
1000 3649 1252 3716 Theodamantis
1266 3647 1389 3732 lilium,
1404 3669 1459 3736 pa·

390 3778 473 3826 trem
490 3762 595 3826 lacere
609 3775 718 3842 ποιεῖς
736 3759 791 3823 nbi
805 3775 913 3824 tamen
925 3759 1036 3824 Hoelz.
1049 3758 1144 3848 legit,
1157 3767 1312 3837 estentona
1324 3765 1380 3818 ἀντὶ
1392 3771 1458 3818 orro-

387 3864 519 3951 ‹tsimnoc
533 3881 614 3932 ιαλιῐ.
634 3867 726 3932 ldem
739 3867 847 3931 Schol.
857 3865 898 3930 ad
910 3889 955 3931 vs.
974 3889 1068 3954 1207,
1082 3877 1226 3946 Θιιομίνους
1241 3885 1280 3926 ex
1295 3861 1459 3926 Hellanico

390 3979 533 4064 profert,
546 3975 604 4040 ubi
621 3973 717 4039 etiarn
738 3972 839 4037 varias
856 3971 1032 4038 sententias
1046 3971 1150 4037 allert.
1163 3969 1351 4034 Antoninus
1365 3967 1459 4031 Libe·

390 4081 447 4146 ral.
465 4103 535 4170 cap.
561 4082 622 4164 26,
656 4080 760 4164 Ceyer's
787 4075 890 4143 filium
914 4077 1000 4141 facit.
1036 4076 1083 4140 De
1107 4097 1174 4164 quo
1197 4073 1316 4138 certius
1340 4070 1458 4160 aliquid

314 4191 317 4200 '
391 4202 574 4266 constaret,
598 4185 624 4248 si
642 4199 824 4274 superesset
841 4181 974 4248 Hesiodi
992 4179 1073 4245 liber
1087 4177 1128 4244 de
1142 4188 1237 4248 ttinere
1251 4187 1345 4258 γάμῳ,
1364 4199 1459 4264 quern

383 4291 494 4358 laudnt
509 4292 680 4358 Scholiast.
693 4289 846 4378 Apollon.
859 4288 900 4353 ad
916 4289 971 4352 lib.
985 4288 1019 4366 l,
1039 4309 1139 4369 ¹290i
1154 4303 1185 4348 et
1203 4285 1244 4347 ita
1261 4282 1373 4347 fnisset
1389 4305 1460 4347 san·
