3192 5138
378 400 809 483 Aneonrnrrcorr,
839 371 995 468 crux.
1068 491 1070 496 q
1160 405 1223 499 257

201 517 267 600 Seu
280 530 414 623 quando
427 531 461 597 in
475 531 603 621 templis
614 529 750 598 delubra
761 529 892 612 ilrrentia
909 533 1029 600 sudant

202 647 423 739 Sanguineum
441 669 567 729 rorem,
581 629 736 736 aimigero
751 648 802 712 vel
818 649 923 714 clarus
942 650 1084 741 Olympo
1186 675 1225 716 πω

204 761 259 828 Sol
274 761 380 828 media
392 759 440 829 ¹de
458 762 530 826 luce
547 761 638 843 silet,
655 761 847 852 radiosaque
866 765 947 830 celat

201 873 358 958 Lumina,
375 887 410 938 et
422 873 602 939 innumeris
617 876 801 964 completur
816 877 943 944 lucidus
959 904 1014 946 aer
1096 925 1101 932 ·

202 987 387 1072 Sideribus,
405 1010 510 1078 quum
522 988 665 1081 Phoebus
681 1011 798 1078 equos,
812 993 989 1082 rutilasque
1002 997 1173 1088 quadrigas

205 1103 324 1194 Dirigit
340 1103 481 1192 obliquae
495 1123 555 1191 per
569 1125 697 1168 summa
709 1105 876 1170 eacumina
894 1129 994 1174 conte.

242 1215 312 1283 sed
329 1231 504 1306 postquem
520 1218 619 1306 longo
636 1235 803 1310 serpentes
818 1221 946 1286 tramite
963 1222 1007 1288 ad
1020 1247 1110 1291 oram
1186 1244 1226 1284 sc

203 1331 376 1397 Venerunt
388 1331 526 1421 Minyae,
542 1347 725 1398 nocturnus
741 1349 774 1398 et
788 1350 872 1400 astra
888 1335 1017 1403 reduxit

204 1445 551 1536 Hespems,amplexu
569 1447 687 1512 misem
702 1468 760 1536 per
778 1464 892 1513 mutua
907 1451 1011 1516 vincla

206 1561 383 1628 Flebilibus
398 1561 451 1650 pia
466 1562 547 1628 colla
567 1577 722 1651 premunt
734 1562 899 1648 affatibus,
909 1581 977 1631 atra

204 1674 302 1742 Veste
318 1692 415 1766 ceput
431 1677 524 1758 tecti,
539 1697 600 1740 nec
618 1692 714 1741 nocte
734 1674 824 1742 dieve
840 1678 985 1744 levamen

202 1791 396 1879 Agnoscunt
411 1789 505 1872 lessi,
526 1805 623 1878 atque
638 1790 772 1878 inopes,
788 1807 887 1880 atque
904 1793 1052 1858 omniurn
1066 1797 1159 1886 egeni
1188 1815 1227 1854 3¹0

206 1904 373 1970 Delitucre
390 1904 463 1970 neci
479 1904 636 1993 expositi,
652 1905 845 1994 famulaeque
859 1907 996 1974 vicissim

203 2017 372 2100 Turbatae,
392 2017 487 2082 uxori
506 2018 603 2082 simul
620 2017 814 2108 adgemuere
834 2021 959 2109 Cyteae:

202 2134 380 2222 Implumes
397 2131 499 2197 veluti
514 2131 671 2197 labuntur
686 2133 807 2200 vertice
825 2136 945 2200 summi

206 2247 320 2332 Quum
337 2249 485 2313 volucres
501 2246 646 2336 scopuli,
662 2246 850 2312 miserabilis
866 2246 971 2313 adstat
984 2265 1078 2314 acute

203 2357 307 2426 Mater
320 2362 388 2426 avis
406 2362 574 2452 clangens,
590 2361 757 2450 passisque
772 2363 957 2450 supervolat
972 2363 1039 2427 alis.
1189 2385 1224 2422 ³2⁵

202 2477 310 2542 Litore
327 2493 388 2542 ceu
404 2475 542 2566 pulchro
556 2475 678 2541 Pactoli
694 2474 801 2540 divitis
818 2477 896 2540 olim

201 2589 323 2656 Fundit
338 2589 410 2654 olor
424 2587 586 2678 predulce
603 2587 722 2669 melos,
739 2604 851 2678 stagna
866 2590 941 2654 Asia
956 2591 1096 2675 circum,
1131 2597 1136 2604 ”

161 2703 164 2706 ’
202 2701 400 2790 Eridaniquc
414 2701 518 2782 lacus,
533 2716 566 2765 et
582 2698 688 2766 dulcia
702 2717 793 2789 prata
808 2703 930 2790 Caystri
948 2729 955 2768 :

202 2815 255 2882 sic
270 2817 390 2905 Minyre
406 2815 496 2880 fulvo
509 2829 678 2902 turpantes
694 2815 828 2902 pulvere
843 2817 965 2900 crines,

203 2931 374 2995 insomnes
396 2928 521 2993 miseris
541 2925 661 2992 llebant
677 2950 736 2993 sua
756 2931 820 2992 fata
837 2930 984 3018 querelis.
1187 2952 1225 2992 ιιι,

248 3041 340 3107 Ilicet
355 3041 480 3113 assidua
497 3039 638 3106 confecti
654 3042 728 3107 tabe
742 3044 901 3131 perissent

203 3157 329 3248 Ignoti,
353 3171 438 3222 terra
453 3156 580 3246 ignota,
598 3156 668 3220 sine
683 3155 810 3221 honore
826 3157 980 3246 sepulcri,

202 3261 362 3336 sollicitos
377 3269 525 3334 miserata
537 3269 646 3335 forent
662 3271 725 3335 nisi
743 3272 894 3354 numina,
911 3275 1026 3362 apricae

202 3381 361 3448 Custodes
376 3382 551 3472 Libyaeque
565 3382 647 3467 den,
664 3407 736 3472 quae
751 3386 870 3450 vertice
886 3388 1053 3474 quondam

202 3494 331 3562 Pallada
344 3512 533 3586 surgentem
550 3498 670 3586 patrio,
691 3497 835 3563 Tritonis
850 3500 883 3563 in
904 3502 1001 3568 undis
1035 3539 1037 3546 r
1186 3525 1223 3564 sss

202 3609 333 3693 0bviae,
360 3609 495 3676 adorato
518 3610 665 3676 fecerunt
679 3613 815 3677 numine
834 3637 967 3680 numen.

203 3725 260 3789 Sol
277 3723 383 3792 media
398 3746 497 3813 super
513 3726 575 3789 altu
590 3724 643 3790 die
659 3747 802 3790 convexa
820 3725 952 3790 tenebat

203 3841 343 3930 lgneus,
358 3854 391 3904 et
405 3835 514 3928 Libyae
530 3841 723 3905 contristans
740 3839 864 3904 lumine
881 3839 960 3902 laero

203 3952 295 4020 Litus
308 3973 482 4020 arenosum
499 3955 613 4020 insano
629 3951 841 4020 succenderat
856 3953 922 4041 igni
936 3978 945 4034 ;

271 4067 315 4133 11.
1057 4094 1094 4157 17
