<?xml version="1.0" encoding="UTF-8"?>
<!DOCTYPE html PUBLIC "-//W3C//DTD XHTML 1.0 Transitional//EN"
    "http://www.w3.org/TR/xhtml1/DTD/xhtml1-transitional.dtd">
<html xmlns="http://www.w3.org/1999/xhtml" xml:lang="en" lang="en">
 <head>
  <title>
</title>
<meta http-equiv="Content-Type" content="text/html;charset=utf-8" />
  <meta name='ocr-system' content='tesseract 3.04.00' />
  <meta name='ocr-capabilities' content='ocr_page ocr_carea ocr_par ocr_line ocrx_word'/>
</head>
<body>
  <div class='ocr_page' id='page_1' title='image "./cvaleriiflaccis01apolgoog_0387.png"; bbox 0 0 3220 5128; ppageno 0'>
   <div class='ocr_carea' id='block_1_1' title="bbox 388 401 1062 472">
    <p class='ocr_par' dir='ltr' id='par_1_1' title="bbox 388 401 1062 472">
     <span class='ocr_line' id='line_1_1' title="bbox 388 401 1062 472; baseline -0.009 -2"><span class='ocrx_word' id='word_1_1' title='bbox 388 407 452 472; x_wconf 79' lang='lat' dir='ltr'><strong>:tto</strong></span> <span class='ocrx_word' id='word_1_2' title='bbox 775 401 1062 466; x_wconf 76' lang='lat' dir='ltr'><strong>ctTtLoGth</strong></span> 
     </span>
    </p>
   </div>
   <div class='ocr_carea' id='block_1_2' title="bbox 384 523 1452 1150">
    <p class='ocr_par' dir='ltr' id='par_1_2' title="bbox 384 523 1452 1150">
     <span class='ocr_line' id='line_1_2' title="bbox 387 523 1452 620; baseline -0.008 -25"><span class='ocrx_word' id='word_1_3' title='bbox 387 529 538 620; x_wconf 68' lang='lat' dir='ltr'><strong>Apollou,</strong></span> <span class='ocrx_word' id='word_1_4' title='bbox 556 529 588 610; x_wconf 89' lang='lat' dir='ltr'><strong>l,</strong></span> <span class='ocrx_word' id='word_1_5' title='bbox 613 527 654 604; x_wconf 77' lang='grc'><strong>45</strong></span> <span class='ocrx_word' id='word_1_6' title='bbox 671 543 704 590; x_wconf 90' lang='lat' dir='ltr'><strong>et</strong></span> <span class='ocrx_word' id='word_1_7' title='bbox 724 526 803 612; x_wconf 81' lang='lat'><strong>239,</strong></span> <span class='ocrx_word' id='word_1_8' title='bbox 834 542 867 589; x_wconf 91' lang='lat' dir='ltr'><strong>et</strong></span> <span class='ocrx_word' id='word_1_9' title='bbox 885 525 966 588; x_wconf 82' lang='lat' dir='ltr'><strong>inira</strong></span> <span class='ocrx_word' id='word_1_10' title='bbox 985 525 1019 588; x_wconf 88' lang='lat' dir='ltr'><strong>in</strong></span> <span class='ocrx_word' id='word_1_11' title='bbox 1036 525 1161 588; x_wconf 80' lang='lat' dir='ltr'><em>Iasone.</em></span> <span class='ocrx_word' id='word_1_12' title='bbox 1179 524 1383 588; x_wconf 79' lang='lat' dir='ltr'>Avunculum</span> <span class='ocrx_word' id='word_1_13' title='bbox 1397 523 1452 587; x_wconf 85' lang='lat' dir='ltr'><strong>Ia·</strong></span> 
     </span>
     <span class='ocr_line' id='line_1_3' title="bbox 386 628 1451 719; baseline -0.008 -22"><span class='ocrx_word' id='word_1_14' title='bbox 386 635 474 698; x_wconf 87' lang='lat' dir='ltr'><strong>touls</strong></span> <span class='ocrx_word' id='word_1_15' title='bbox 491 647 584 698; x_wconf 80' lang='lat' dir='ltr'><strong>vocat</strong></span> <span class='ocrx_word' id='word_1_16' title='bbox 601 631 764 719; x_wconf 73' lang='lat' dir='ltr'><strong>Hyginus,</strong></span> <span class='ocrx_word' id='word_1_17' title='bbox 780 630 856 717; x_wconf 84' lang='lat' dir='ltr'><strong>quia</strong></span> <span class='ocrx_word' id='word_1_18' title='bbox 874 628 1058 692; x_wconf 70' lang='lat' dir='ltr'><strong>Alcimeden</strong></span> <span class='ocrx_word' id='word_1_19' title='bbox 1076 645 1210 692; x_wconf 85' lang='lat' dir='ltr'><strong>matrem</strong></span> <span class='ocrx_word' id='word_1_20' title='bbox 1226 629 1367 709; x_wconf 84' lang='lat' dir='ltr'><strong>Iasonis,</strong></span> <span class='ocrx_word' id='word_1_21' title='bbox 1382 632 1451 707; x_wconf 80' lang='lat' dir='ltr'><strong>ejus</strong></span> 
     </span>
     <span class='ocr_line' id='line_1_4' title="bbox 386 732 1449 824; baseline -0.007 -21"><span class='ocrx_word' id='word_1_22' title='bbox 386 759 546 817; x_wconf 85' lang='lat' dir='ltr'><strong>sororem,</strong></span> <span class='ocrx_word' id='word_1_23' title='bbox 569 751 602 800; x_wconf 86' lang='lat' dir='ltr'><strong>et</strong></span> <span class='ocrx_word' id='word_1_24' title='bbox 626 735 722 800; x_wconf 86' lang='lat' dir='ltr'><strong>liliam</strong></span> <span class='ocrx_word' id='word_1_25' title='bbox 746 734 877 824; x_wconf 84' lang='lat' dir='ltr'><strong>Phylaci</strong></span> <span class='ocrx_word' id='word_1_26' title='bbox 900 735 1024 799; x_wconf 89' lang='lat' dir='ltr'><strong>faciunt</strong></span> <span class='ocrx_word' id='word_1_27' title='bbox 1048 735 1166 822; x_wconf 81' lang='lat' dir='ltr'><strong>aliqui3</strong></span> <span class='ocrx_word' id='word_1_28' title='bbox 1184 732 1257 798; x_wconf 83' lang='lat' dir='ltr'><strong>vide</strong></span> <span class='ocrx_word' id='word_1_29' title='bbox 1276 733 1386 797; x_wconf 87' lang='lat' dir='ltr'><strong>Heius.</strong></span> <span class='ocrx_word' id='word_1_30' title='bbox 1409 733 1449 796; x_wconf 83' lang='lat' dir='ltr'><strong>ad</strong></span> 
     </span>
     <span class='ocr_line' id='line_1_5' title="bbox 388 837 1451 930; baseline -0.006 -22"><span class='ocrx_word' id='word_1_31' title='bbox 388 843 482 908; x_wconf 79' lang='lat' dir='ltr'><strong>ovid.</strong></span> <span class='ocrx_word' id='word_1_32' title='bbox 499 842 600 930; x_wconf 85' lang='lat' dir='ltr'><strong>Epist.</strong></span> <span class='ocrx_word' id='word_1_33' title='bbox 618 841 716 921; x_wconf 79' lang='lat' dir='ltr'><strong>xm,</strong></span> <span class='ocrx_word' id='word_1_34' title='bbox 741 839 792 904; x_wconf 83' lang='lat'><strong>35.</strong></span> <span class='ocrx_word' id='word_1_35' title='bbox 814 841 875 904; x_wconf 88' lang='lat' dir='ltr'><strong>Per</strong></span> <span class='ocrx_word' id='word_1_36' title='bbox 891 858 1015 928; x_wconf 84' lang='lat' dir='ltr'><strong>patrern</strong></span> <span class='ocrx_word' id='word_1_37' title='bbox 1035 841 1129 904; x_wconf 86' lang='lat' dir='ltr'><strong>etiarn</strong></span> <span class='ocrx_word' id='word_1_38' title='bbox 1147 863 1187 904; x_wconf 79' lang='lat' dir='ltr'><strong>ex</strong></span> <span class='ocrx_word' id='word_1_39' title='bbox 1200 838 1338 904; x_wconf 83' lang='lat' dir='ltr'><strong>AEolidis</strong></span> <span class='ocrx_word' id='word_1_40' title='bbox 1354 837 1451 903; x_wconf 79' lang='lat' dir='ltr'><strong>‹ledu-</strong></span> 
     </span>
     <span class='ocr_line' id='line_1_6' title="bbox 384 944 1450 1038; baseline -0.008 -22"><span class='ocrx_word' id='word_1_41' title='bbox 384 951 477 1016; x_wconf 88' lang='lat' dir='ltr'><strong>oebat</strong></span> <span class='ocrx_word' id='word_1_42' title='bbox 495 971 614 1038; x_wconf 82' lang='lat' dir='ltr'><strong>genus:</strong></span> <span class='ocrx_word' id='word_1_43' title='bbox 635 947 795 1032; x_wconf 70' lang='lat' dir='ltr'><strong>Phylacen</strong></span> <span class='ocrx_word' id='word_1_44' title='bbox 808 948 896 1010; x_wconf 82' lang='lat' dir='ltr'><strong>enim</strong></span> <span class='ocrx_word' id='word_1_45' title='bbox 913 944 996 1010; x_wconf 88' lang='lat' dir='ltr'><strong>lilius</strong></span> <span class='ocrx_word' id='word_1_46' title='bbox 1016 963 1084 1010; x_wconf 88' lang='lat' dir='ltr'><strong>erat</strong></span> <span class='ocrx_word' id='word_1_47' title='bbox 1102 945 1228 1034; x_wconf 84' lang='lat' dir='ltr'><strong>Iphicli,</strong></span> <span class='ocrx_word' id='word_1_48' title='bbox 1245 945 1343 1026; x_wconf 87' lang='lat' dir='ltr'><strong>hujus</strong></span> <span class='ocrx_word' id='word_1_49' title='bbox 1360 961 1450 1032; x_wconf 91' lang='lat' dir='ltr'><strong>pater</strong></span> 
     </span>
     <span class='ocr_line' id='line_1_7' title="bbox 385 1048 1448 1150; baseline -0.012 -27"><span class='ocrx_word' id='word_1_50' title='bbox 385 1055 560 1150; x_wconf 76' lang='lat' dir='ltr'><strong>Phylacus,</strong></span> <span class='ocrx_word' id='word_1_51' title='bbox 590 1053 675 1118; x_wconf 85' lang='lat' dir='ltr'><strong>illius</strong></span> <span class='ocrx_word' id='word_1_52' title='bbox 705 1053 808 1116; x_wconf 83' lang='lat' dir='ltr'>Deion</span> <span class='ocrx_word' id='word_1_53' title='bbox 836 1052 886 1115; x_wconf 87' lang='lat' dir='ltr'><strong>vel</strong></span> <span class='ocrx_word' id='word_1_54' title='bbox 915 1052 1100 1131; x_wconf 87' lang='lat' dir='ltr'><strong>Deioueus,</strong></span> <span class='ocrx_word' id='word_1_55' title='bbox 1129 1049 1214 1116; x_wconf 86' lang='lat' dir='ltr'><strong>AEoli</strong></span> <span class='ocrx_word' id='word_1_56' title='bbox 1245 1049 1347 1130; x_wconf 74' lang='lat' dir='ltr'><strong>filius,</strong></span> <span class='ocrx_word' id='word_1_57' title='bbox 1377 1048 1448 1112; x_wconf 82' lang='lat' dir='ltr'><strong>ride</strong></span> 
     </span>
    </p>
   </div>
   <div class='ocr_carea' id='block_1_3' title="bbox 295 1155 1449 4200">
    <p class='ocr_par' dir='ltr' id='par_1_3' title="bbox 295 1155 1449 4200">
     <span class='ocr_line' id='line_1_8' title="bbox 384 1155 1448 1244; baseline -0.008 -16"><span class='ocrx_word' id='word_1_58' title='bbox 384 1160 532 1228; x_wconf 84' lang='lat' dir='ltr'><strong>Eustatlt.</strong></span> <span class='ocrx_word' id='word_1_59' title='bbox 547 1157 588 1224; x_wconf 82' lang='lat' dir='ltr'><strong>ad</strong></span> <span class='ocrx_word' id='word_1_60' title='bbox 606 1160 739 1223; x_wconf 83' lang='lat' dir='ltr'>Homer.</span> <span class='ocrx_word' id='word_1_61' title='bbox 757 1156 847 1224; x_wconf 81' lang='lat' dir='ltr'><strong>Iliad.</strong></span> <span class='ocrx_word' id='word_1_62' title='bbox 863 1157 915 1238; x_wconf 87' lang='lat'><strong>11,</strong></span> <span class='ocrx_word' id='word_1_63' title='bbox 932 1157 1015 1244; x_wconf 79' lang='lat'><strong><em>6973</em></strong></span> <span class='ocrx_word' id='word_1_64' title='bbox 1036 1155 1183 1244; x_wconf 84' lang='lat' dir='ltr'><strong>Apollod.</strong></span> <span class='ocrx_word' id='word_1_65' title='bbox 1202 1155 1257 1220; x_wconf 93' lang='lat' dir='ltr'><strong>lib.</strong></span> <span class='ocrx_word' id='word_1_66' title='bbox 1275 1157 1306 1236; x_wconf 93' lang='lat' dir='ltr'><strong>l,</strong></span> <span class='ocrx_word' id='word_1_67' title='bbox 1325 1179 1393 1242; x_wconf 86' lang='lat' dir='ltr'><strong>cap.</strong></span> <span class='ocrx_word' id='word_1_68' title='bbox 1407 1177 1448 1240; x_wconf 88' lang='lat'><strong>9,</strong></span> 
     </span>
     <span class='ocr_line' id='line_1_9' title="bbox 295 1259 1446 1353; baseline -0.001 -27"><span class='ocrx_word' id='word_1_69' title='bbox 295 1313 298 1326; x_wconf 83' lang='lat'>.</span> <span class='ocrx_word' id='word_1_70' title='bbox 384 1273 444 1344; x_wconf 70' lang='grc'><strong>54.</strong></span> <span class='ocrx_word' id='word_1_71' title='bbox 461 1265 620 1353; x_wconf 80' lang='lat' dir='ltr'><strong>Phylacus</strong></span> <span class='ocrx_word' id='word_1_72' title='bbox 635 1286 713 1328; x_wconf 88' lang='lat' dir='ltr'><strong>rero</strong></span> <span class='ocrx_word' id='word_1_73' title='bbox 728 1263 871 1352; x_wconf 83' lang='lat' dir='ltr'><strong>primus,</strong></span> <span class='ocrx_word' id='word_1_74' title='bbox 895 1259 980 1328; x_wconf 84' lang='lat' dir='ltr'><strong>lilius</strong></span> <span class='ocrx_word' id='word_1_75' title='bbox 998 1261 1153 1343; x_wconf 82' lang='lat' dir='ltr'>Deionis,</span> <span class='ocrx_word' id='word_1_76' title='bbox 1170 1259 1317 1326; x_wconf 85' lang='lat' dir='ltr'><strong>condidit</strong></span> <span class='ocrx_word' id='word_1_77' title='bbox 1334 1259 1446 1326; x_wconf 84' lang='lat' dir='ltr'><strong>urbem</strong></span> 
     </span>
     <span class='ocr_line' id='line_1_10' title="bbox 385 1364 1449 1460; baseline -0.009 -22"><span class='ocrx_word' id='word_1_78' title='bbox 385 1371 573 1460; x_wconf 82' lang='lat' dir='ltr'><strong>Phylacem,</strong></span> <span class='ocrx_word' id='word_1_79' title='bbox 590 1385 671 1434; x_wconf 85' lang='lat' dir='ltr'><strong>teate</strong></span> <span class='ocrx_word' id='word_1_80' title='bbox 682 1369 851 1434; x_wconf 86' lang='lat' dir='ltr'><strong>Eustathio</strong></span> <span class='ocrx_word' id='word_1_81' title='bbox 868 1383 901 1431; x_wconf 91' lang='lat' dir='ltr'><strong>et</strong></span> <span class='ocrx_word' id='word_1_82' title='bbox 913 1367 1080 1456; x_wconf 82' lang='lat' dir='ltr'><strong>Stephano</strong></span> <span class='ocrx_word' id='word_1_83' title='bbox 1097 1368 1129 1430; x_wconf 90' lang='lat' dir='ltr'><strong>in</strong></span> <span class='ocrx_word' id='word_1_84' title='bbox 1146 1375 1254 1432; x_wconf 65' lang='lat' dir='ltr'><strong>mtter-</strong></span> <span class='ocrx_word' id='word_1_85' title='bbox 1267 1364 1355 1430; x_wconf 88' lang='lat' dir='ltr'><strong>unde</strong></span> <span class='ocrx_word' id='word_1_86' title='bbox 1370 1365 1449 1451; x_wconf 58' lang='lat' dir='ltr'><strong>tuf</strong></span> 
     </span>
     <span class='ocr_line' id='line_1_11' title="bbox 384 1470 1446 1560; baseline -0.004 -20"><span class='ocrx_word' id='word_1_87' title='bbox 384 1477 519 1546; x_wconf 63' lang='lat' dir='ltr'><strong>localem</strong></span> <span class='ocrx_word' id='word_1_88' title='bbox 534 1474 660 1539; x_wconf 87' lang='lat' dir='ltr'><strong>dictum</strong></span> <span class='ocrx_word' id='word_1_89' title='bbox 677 1473 891 1540; x_wconf 71' lang='lat' dir='ltr'>Protesilaum</span> <span class='ocrx_word' id='word_1_90' title='bbox 907 1495 926 1536; x_wconf 90' lang='lat' dir='ltr'><strong>a</strong></span> <span class='ocrx_word' id='word_1_91' title='bbox 940 1471 1129 1560; x_wconf 79' lang='lat' dir='ltr'><strong>Propertio,</strong></span> <span class='ocrx_word' id='word_1_92' title='bbox 1148 1473 1181 1552; x_wconf 97' lang='lat' dir='ltr'><strong>l,</strong></span> <span class='ocrx_word' id='word_1_93' title='bbox 1202 1493 1258 1558; x_wconf 86' lang='lat'><strong>19,</strong></span> <span class='ocrx_word' id='word_1_94' title='bbox 1278 1494 1298 1559; x_wconf 86' lang='lat'><em>7</em></span> <span class='ocrx_word' id='word_1_95' title='bbox 1316 1470 1446 1557; x_wconf 83' lang='lat' dir='ltr'><strong>quidam</strong></span> 
     </span>
     <span class='ocr_line' id='line_1_12' title="bbox 384 1575 1448 1671; baseline -0.008 -22"><span class='ocrx_word' id='word_1_96' title='bbox 384 1597 519 1671; x_wconf 76' lang='lat' dir='ltr'><strong>putant3</strong></span> <span class='ocrx_word' id='word_1_97' title='bbox 535 1601 638 1668; x_wconf 85' lang='lat' dir='ltr'><strong>quum</strong></span> <span class='ocrx_word' id='word_1_98' title='bbox 656 1600 723 1642; x_wconf 88' lang='lat' dir='ltr'><strong>non</strong></span> <span class='ocrx_word' id='word_1_99' title='bbox 740 1577 781 1640; x_wconf 90' lang='lat' dir='ltr'><strong>ab</strong></span> <span class='ocrx_word' id='word_1_100' title='bbox 799 1576 932 1664; x_wconf 88' lang='lat' dir='ltr'><strong>oppido,</strong></span> <span class='ocrx_word' id='word_1_101' title='bbox 942 1575 997 1640; x_wconf 84' lang='lat' dir='ltr'><strong>sed</strong></span> <span class='ocrx_word' id='word_1_102' title='bbox 1014 1577 1054 1640; x_wconf 87' lang='lat' dir='ltr'><strong>ab</strong></span> <span class='ocrx_word' id='word_1_103' title='bbox 1071 1598 1131 1641; x_wconf 86' lang='lat' dir='ltr'><strong>avo</strong></span> <span class='ocrx_word' id='word_1_104' title='bbox 1145 1576 1287 1664; x_wconf 81' lang='lat' dir='ltr'><strong>Phylaco</strong></span> <span class='ocrx_word' id='word_1_105' title='bbox 1299 1577 1342 1657; x_wconf 91' lang='lat'><strong>11,</strong></span> <span class='ocrx_word' id='word_1_106' title='bbox 1360 1592 1448 1664; x_wconf 86' lang='lat' dir='ltr'><strong>patre</strong></span> 
     </span>
     <span class='ocr_line' id='line_1_13' title="bbox 384 1680 1446 1775; baseline -0.01 -23"><span class='ocrx_word' id='word_1_107' title='bbox 384 1687 517 1775; x_wconf 81' lang='lat' dir='ltr'><strong>Iphicli,</strong></span> <span class='ocrx_word' id='word_1_108' title='bbox 540 1685 584 1748; x_wconf 86' lang='lat' dir='ltr'><strong>ita</strong></span> <span class='ocrx_word' id='word_1_109' title='bbox 600 1683 850 1749; x_wconf 81' lang='lat' dir='ltr'><strong>denominetur:</strong></span> <span class='ocrx_word' id='word_1_110' title='bbox 868 1703 943 1746; x_wconf 82' lang='lat' dir='ltr'><strong>ratu</strong></span> <span class='ocrx_word' id='word_1_111' title='bbox 960 1680 1001 1745; x_wconf 89' lang='lat' dir='ltr'><strong>ab</strong></span> <span class='ocrx_word' id='word_1_112' title='bbox 1017 1680 1139 1770; x_wconf 88' lang='lat' dir='ltr'><strong>oppido</strong></span> <span class='ocrx_word' id='word_1_113' title='bbox 1155 1680 1266 1771; x_wconf 78' lang='lat' dir='ltr'><strong>gentili</strong></span> <span class='ocrx_word' id='word_1_114' title='bbox 1283 1690 1446 1760; x_wconf 66' lang='grc' dir='ltr'><strong>φιλικῆοιιι,</strong></span> 
     </span>
     <span class='ocr_line' id='line_1_14' title="bbox 383 1785 1448 1880; baseline -0.006 -24"><span class='ocrx_word' id='word_1_115' title='bbox 383 1793 434 1856; x_wconf 88' lang='lat' dir='ltr'><strong>rel</strong></span> <span class='ocrx_word' id='word_1_116' title='bbox 450 1813 508 1880; x_wconf 89' lang='lat' dir='ltr'><strong>per</strong></span> <span class='ocrx_word' id='word_1_117' title='bbox 526 1788 728 1879; x_wconf 75' lang='lat' dir='ltr'><strong>periphrasin</strong></span> <span class='ocrx_word' id='word_1_118' title='bbox 747 1799 774 1852; x_wconf 71' lang='lat' dir='ltr'><strong>te</strong></span> <span class='ocrx_word' id='word_1_119' title='bbox 789 1799 917 1868; x_wconf 68' lang='grc' dir='ltr'><strong>Φιλιὶιιι,</strong></span> <span class='ocrx_word' id='word_1_120' title='bbox 935 1786 999 1853; x_wconf 83' lang='lat' dir='ltr'><strong>dici</strong></span> <span class='ocrx_word' id='word_1_121' title='bbox 1014 1786 1110 1852; x_wconf 84' lang='lat' dir='ltr'><strong>docet</strong></span> <span class='ocrx_word' id='word_1_122' title='bbox 1126 1785 1325 1874; x_wconf 87' lang='lat' dir='ltr'><strong>Stephanus;</strong></span> <span class='ocrx_word' id='word_1_123' title='bbox 1338 1809 1448 1873; x_wconf 82' lang='lat' dir='ltr'><strong>quam·</strong></span> 
     </span>
     <span class='ocr_line' id='line_1_15' title="bbox 384 1890 1445 1980; baseline -0.008 -18"><span class='ocrx_word' id='word_1_124' title='bbox 384 1899 431 1962; x_wconf 86' lang='lat' dir='ltr'><strong>ris</strong></span> <span class='ocrx_word' id='word_1_125' title='bbox 447 1913 479 1960; x_wconf 92' lang='lat' dir='ltr'><strong>et</strong></span> <span class='ocrx_word' id='word_1_126' title='bbox 491 1905 627 1976; x_wconf 65' lang='grc' dir='ltr'><strong>Φυλάκιος,</strong></span> <span class='ocrx_word' id='word_1_127' title='bbox 643 1893 683 1958; x_wconf 88' lang='lat' dir='ltr'><strong>de</strong></span> <span class='ocrx_word' id='word_1_128' title='bbox 695 1893 879 1972; x_wconf 73' lang='lat' dir='ltr'><strong>Protesilai,</strong></span> <span class='ocrx_word' id='word_1_129' title='bbox 890 1892 1003 1980; x_wconf 88' lang='lat' dir='ltr'><strong>Iphicli</strong></span> <span class='ocrx_word' id='word_1_130' title='bbox 1016 1890 1091 1973; x_wconf 88' lang='lat' dir='ltr'><strong>lilii,</strong></span> <span class='ocrx_word' id='word_1_131' title='bbox 1104 1890 1203 1978; x_wconf 90' lang='lat' dir='ltr'><strong>pauia</strong></span> <span class='ocrx_word' id='word_1_132' title='bbox 1217 1890 1305 1980; x_wconf 83' lang='lat' dir='ltr'><strong>apud</strong></span> <span class='ocrx_word' id='word_1_133' title='bbox 1318 1892 1445 1958; x_wconf 86' lang='lat' dir='ltr'><strong>Lucian.</strong></span> 
     </span>
     <span class='ocr_line' id='line_1_16' title="bbox 384 1995 1447 2086; baseline -0.008 -20"><span class='ocrx_word' id='word_1_134' title='bbox 384 2004 416 2068; x_wconf 91' lang='lat' dir='ltr'><strong>in</strong></span> <span class='ocrx_word' id='word_1_135' title='bbox 436 2001 519 2066; x_wconf 89' lang='lat' dir='ltr'><strong>Dial.</strong></span> <span class='ocrx_word' id='word_1_136' title='bbox 535 2000 634 2064; x_wconf 86' lang='lat' dir='ltr'><strong>Mort.</strong></span> <span class='ocrx_word' id='word_1_137' title='bbox 649 2021 680 2086; x_wconf 91' lang='lat' dir='ltr'><strong>p.</strong></span> <span class='ocrx_word' id='word_1_138' title='bbox 696 1997 772 2078; x_wconf 68' lang='lat'><strong>145,</strong></span> <span class='ocrx_word' id='word_1_139' title='bbox 794 1996 872 2061; x_wconf 87' lang='lat' dir='ltr'><strong>edit.</strong></span> <span class='ocrx_word' id='word_1_140' title='bbox 890 1995 1039 2062; x_wconf 77' lang='lat' dir='ltr'><strong>Ilounlel.</strong></span> <span class='ocrx_word' id='word_1_141' title='bbox 1059 2013 1217 2062; x_wconf 86' lang='lat' dir='ltr'><strong>occurrat.</strong></span> <span class='ocrx_word' id='word_1_142' title='bbox 1235 1996 1349 2086; x_wconf 86' lang='lat' dir='ltr'><strong>Iphicli</strong></span> <span class='ocrx_word' id='word_1_143' title='bbox 1367 2019 1447 2060; x_wconf 85' lang='lat' dir='ltr'><strong>uxor</strong></span> 
     </span>
     <span class='ocr_line' id='line_1_17' title="bbox 384 2101 1447 2193; baseline -0.008 -19"><span class='ocrx_word' id='word_1_144' title='bbox 384 2106 556 2174; x_wconf 74' lang='lat' dir='ltr'><strong>Diomeden</strong></span> <span class='ocrx_word' id='word_1_145' title='bbox 580 2103 699 2170; x_wconf 85' lang='lat' dir='ltr'><strong>dieitur</strong></span> <span class='ocrx_word' id='word_1_146' title='bbox 720 2103 761 2168; x_wconf 89' lang='lat' dir='ltr'><strong>ab</strong></span> <span class='ocrx_word' id='word_1_147' title='bbox 788 2103 935 2192; x_wconf 81' lang='lat' dir='ltr'><strong>Hygino,</strong></span> <span class='ocrx_word' id='word_1_148' title='bbox 957 2103 1021 2168; x_wconf 74' lang='lat' dir='ltr'><strong>fab.</strong></span> <span class='ocrx_word' id='word_1_149' title='bbox 1043 2101 1120 2186; x_wconf 80' lang='lat'><strong>1033</strong></span> <span class='ocrx_word' id='word_1_150' title='bbox 1143 2101 1200 2168; x_wconf 85' lang='lat' dir='ltr'><strong>aed</strong></span> <span class='ocrx_word' id='word_1_151' title='bbox 1224 2103 1269 2168; x_wconf 91' lang='lat' dir='ltr'><strong>ihi</strong></span> <span class='ocrx_word' id='word_1_152' title='bbox 1287 2104 1394 2193; x_wconf 73' lang='lat' dir='ltr'><strong>agitur</strong></span> <span class='ocrx_word' id='word_1_153' title='bbox 1408 2103 1447 2168; x_wconf 88' lang='lat' dir='ltr'><strong>de</strong></span> 
     </span>
     <span class='ocr_line' id='line_1_18' title="bbox 382 2207 1445 2301; baseline -0.004 -23"><span class='ocrx_word' id='word_1_154' title='bbox 382 2211 521 2301; x_wconf 76' lang='lat' dir='ltr'><strong>Iphiclo,</strong></span> <span class='ocrx_word' id='word_1_155' title='bbox 550 2211 696 2277; x_wconf 87' lang='lat' dir='ltr'><strong>lleroulis</strong></span> <span class='ocrx_word' id='word_1_156' title='bbox 720 2211 836 2288; x_wconf 81' lang='lat' dir='ltr'><strong>fratre,</strong></span> <span class='ocrx_word' id='word_1_157' title='bbox 866 2207 907 2272; x_wconf 91' lang='lat' dir='ltr'><strong>de</strong></span> <span class='ocrx_word' id='word_1_158' title='bbox 922 2231 990 2294; x_wconf 91' lang='lat' dir='ltr'><strong>quo</strong></span> <span class='ocrx_word' id='word_1_159' title='bbox 1006 2208 1039 2272; x_wconf 91' lang='lat' dir='ltr'><strong>in</strong></span> <span class='ocrx_word' id='word_1_160' title='bbox 1060 2207 1148 2273; x_wconf 84' lang='lat' dir='ltr'><strong>Iolao</strong></span> <span class='ocrx_word' id='word_1_161' title='bbox 1164 2207 1324 2288; x_wconf 84' lang='lat' dir='ltr'><strong>riditnus,</strong></span> <span class='ocrx_word' id='word_1_162' title='bbox 1349 2231 1445 2296; x_wconf 84' lang='lat' dir='ltr'><strong>queat</strong></span> 
     </span>
     <span class='ocr_line' id='line_1_19' title="bbox 382 2312 1445 2406; baseline -0.001 -26"><span class='ocrx_word' id='word_1_163' title='bbox 382 2318 531 2406; x_wconf 78' lang='lat' dir='ltr'><strong>Hyginus</strong></span> <span class='ocrx_word' id='word_1_164' title='bbox 548 2314 626 2380; x_wconf 85' lang='lat' dir='ltr'><strong>dicit</strong></span> <span class='ocrx_word' id='word_1_165' title='bbox 643 2337 713 2380; x_wconf 81' lang='lat' dir='ltr'><strong>esse</strong></span> <span class='ocrx_word' id='word_1_166' title='bbox 729 2312 853 2382; x_wconf 84' lang='lat' dir='ltr'><strong>dictum</strong></span> <span class='ocrx_word' id='word_1_167' title='bbox 871 2313 1098 2393; x_wconf 78' lang='lat' dir='ltr'><strong>Protesilaum,</strong></span> <span class='ocrx_word' id='word_1_168' title='bbox 1116 2336 1219 2401; x_wconf 87' lang='lat' dir='ltr'><strong>quum</strong></span> <span class='ocrx_word' id='word_1_169' title='bbox 1237 2315 1370 2404; x_wconf 90' lang='lat' dir='ltr'><strong>proprio</strong></span> <span class='ocrx_word' id='word_1_170' title='bbox 1388 2337 1445 2381; x_wconf 90' lang='lat' dir='ltr'><strong>uo·</strong></span> 
     </span>
     <span class='ocr_line' id='line_1_20' title="bbox 385 2417 1447 2501; baseline -0.006 -11"><span class='ocrx_word' id='word_1_171' title='bbox 385 2424 472 2491; x_wconf 82' lang='lat' dir='ltr'><strong>mine</strong></span> <span class='ocrx_word' id='word_1_172' title='bbox 498 2419 607 2488; x_wconf 84' lang='lat' dir='ltr'><strong>Iolaus</strong></span> <span class='ocrx_word' id='word_1_173' title='bbox 635 2419 761 2486; x_wconf 87' lang='lat' dir='ltr'><strong>dicatur</strong></span> <span class='ocrx_word' id='word_1_174' title='bbox 776 2443 785 2501; x_wconf 80' lang='lat'>3</span> <span class='ocrx_word' id='word_1_175' title='bbox 817 2418 891 2484; x_wconf 84' lang='lat' dir='ltr'><strong>ride</strong></span> <span class='ocrx_word' id='word_1_176' title='bbox 920 2417 1090 2486; x_wconf 82' lang='lat' dir='ltr'><strong>Munclteri</strong></span> <span class='ocrx_word' id='word_1_177' title='bbox 1123 2437 1225 2484; x_wconf 86' lang='lat' dir='ltr'><strong>notas.</strong></span> <span class='ocrx_word' id='word_1_178' title='bbox 1260 2421 1447 2486; x_wconf 84' lang='lat' dir='ltr'><strong>Eustathius</strong></span> 
     </span>
     <span class='ocr_line' id='line_1_21' title="bbox 386 2523 1447 2614; baseline -0.004 -20"><span class='ocrx_word' id='word_1_179' title='bbox 386 2525 564 2614; x_wconf 64' lang='lat' dir='ltr'><strong>Astyochea</strong></span> <span class='ocrx_word' id='word_1_180' title='bbox 584 2541 678 2590; x_wconf 85' lang='lat' dir='ltr'><strong>rooat</strong></span> <span class='ocrx_word' id='word_1_181' title='bbox 699 2545 834 2590; x_wconf 84' lang='lat' dir='ltr'><strong>uxorem</strong></span> <span class='ocrx_word' id='word_1_182' title='bbox 861 2523 995 2610; x_wconf 83' lang='lat' dir='ltr'><strong>Iphicli,</strong></span> <span class='ocrx_word' id='word_1_183' title='bbox 1018 2547 1090 2612; x_wconf 75' lang='lat' dir='ltr'><strong>quae</strong></span> <span class='ocrx_word' id='word_1_184' title='bbox 1115 2523 1239 2590; x_wconf 84' lang='lat' dir='ltr'><strong>diversa</strong></span> <span class='ocrx_word' id='word_1_185' title='bbox 1261 2523 1389 2592; x_wconf 82' lang='lat' dir='ltr'><strong>ridetur</strong></span> <span class='ocrx_word' id='word_1_186' title='bbox 1407 2528 1447 2590; x_wconf 87' lang='lat' dir='ltr'><strong>ab</strong></span> 
     </span>
     <span class='ocr_line' id='line_1_22' title="bbox 384 2628 1447 2724; baseline -0.003 -25"><span class='ocrx_word' id='word_1_187' title='bbox 384 2635 552 2724; x_wconf 68' lang='lat' dir='ltr'><strong>Astroahe,</strong></span> <span class='ocrx_word' id='word_1_188' title='bbox 573 2632 698 2698; x_wconf 85' lang='lat' dir='ltr'><strong>Actoris</strong></span> <span class='ocrx_word' id='word_1_189' title='bbox 712 2628 793 2710; x_wconf 83' lang='lat' dir='ltr'><strong>lilia,</strong></span> <span class='ocrx_word' id='word_1_190' title='bbox 807 2628 847 2694; x_wconf 89' lang='lat' dir='ltr'><strong>de</strong></span> <span class='ocrx_word' id='word_1_191' title='bbox 861 2653 926 2717; x_wconf 88' lang='lat' dir='ltr'><strong>qua</strong></span> <span class='ocrx_word' id='word_1_192' title='bbox 942 2628 1081 2696; x_wconf 83' lang='lat' dir='ltr'><strong>vidimus</strong></span> <span class='ocrx_word' id='word_1_193' title='bbox 1097 2632 1130 2696; x_wconf 89' lang='lat' dir='ltr'><strong>in</strong></span> <span class='ocrx_word' id='word_1_194' title='bbox 1146 2631 1282 2696; x_wconf 69' lang='lat' dir='ltr'><strong>Auula.</strong></span> <span class='ocrx_word' id='word_1_195' title='bbox 1299 2633 1360 2696; x_wconf 87' lang='lat' dir='ltr'><strong>llic</strong></span> <span class='ocrx_word' id='word_1_196' title='bbox 1373 2656 1447 2696; x_wconf 81' lang='lat' dir='ltr'><strong>vero</strong></span> 
     </span>
     <span class='ocr_line' id='line_1_23' title="bbox 382 2723 1447 2830; baseline -0.001 -26"><span class='ocrx_word' id='word_1_197' title='bbox 382 2759 470 2810; x_wconf 73' lang='lat' dir='ltr'><strong>unta</strong></span> <span class='ocrx_word' id='word_1_198' title='bbox 487 2737 608 2830; x_wconf 86' lang='lat' dir='ltr'><strong>pedum</strong></span> <span class='ocrx_word' id='word_1_199' title='bbox 624 2737 751 2804; x_wconf 82' lang='lat' dir='ltr'><strong>levitate</strong></span> <span class='ocrx_word' id='word_1_200' title='bbox 765 2751 799 2800; x_wconf 89' lang='lat' dir='ltr'><strong>et</strong></span> <span class='ocrx_word' id='word_1_201' title='bbox 815 2737 1004 2824; x_wconf 72' lang='lat' dir='ltr'><strong>pernicitate</strong></span> <span class='ocrx_word' id='word_1_202' title='bbox 1018 2759 1132 2802; x_wconf 84' lang='lat' dir='ltr'><strong>cursus</strong></span> <span class='ocrx_word' id='word_1_203' title='bbox 1147 2723 1246 2802; x_wconf 83' lang='lat' dir='ltr'><strong>luisse</strong></span> <span class='ocrx_word' id='word_1_204' title='bbox 1261 2737 1391 2820; x_wconf 89' lang='lat' dir='ltr'><strong>dicitur,</strong></span> <span class='ocrx_word' id='word_1_205' title='bbox 1410 2756 1447 2803; x_wconf 89' lang='lat' dir='ltr'><strong>ut</strong></span> 
     </span>
     <span class='ocr_line' id='line_1_24' title="bbox 383 2843 1446 2936; baseline -0.002 -26"><span class='ocrx_word' id='word_1_206' title='bbox 383 2868 480 2936; x_wconf 90' lang='lat' dir='ltr'><strong>supra</strong></span> <span class='ocrx_word' id='word_1_207' title='bbox 495 2845 597 2933; x_wconf 87' lang='lat' dir='ltr'><strong>spicas</strong></span> <span class='ocrx_word' id='word_1_208' title='bbox 611 2843 750 2910; x_wconf 80' lang='lat' dir='ltr'><strong>triticeas</strong></span> <span class='ocrx_word' id='word_1_209' title='bbox 763 2857 872 2929; x_wconf 85' lang='lat' dir='ltr'><strong>posset</strong></span> <span class='ocrx_word' id='word_1_210' title='bbox 884 2863 1025 2923; x_wconf 84' lang='lat' dir='ltr'><strong>currere,</strong></span> <span class='ocrx_word' id='word_1_211' title='bbox 1039 2863 1166 2906; x_wconf 85' lang='lat' dir='ltr'><strong>neceas</strong></span> <span class='ocrx_word' id='word_1_212' title='bbox 1180 2857 1286 2908; x_wconf 84' lang='lat' dir='ltr'><strong>tamen</strong></span> <span class='ocrx_word' id='word_1_213' title='bbox 1301 2843 1446 2924; x_wconf 77' lang='lat' dir='ltr'><strong>lederet,</strong></span> 
     </span>
     <span class='ocr_line' id='line_1_25' title="bbox 382 2945 1446 3035; baseline -0.005 -17"><span class='ocrx_word' id='word_1_214' title='bbox 382 2952 450 3034; x_wconf 85' lang='lat' dir='ltr'><strong>vel,</strong></span> <span class='ocrx_word' id='word_1_215' title='bbox 474 2965 512 3014; x_wconf 91' lang='lat' dir='ltr'><strong>ut</strong></span> <span class='ocrx_word' id='word_1_216' title='bbox 537 2950 727 3016; x_wconf 76' lang='lat' dir='ltr'><strong>Demaratus</strong></span> <span class='ocrx_word' id='word_1_217' title='bbox 750 2945 874 3028; x_wconf 87' lang='lat' dir='ltr'><strong>aiebat,</strong></span> <span class='ocrx_word' id='word_1_218' title='bbox 894 2962 932 3010; x_wconf 88' lang='lat' dir='ltr'><strong>ut</strong></span> <span class='ocrx_word' id='word_1_219' title='bbox 957 2963 1065 3034; x_wconf 87' lang='lat' dir='ltr'><strong>posset</strong></span> <span class='ocrx_word' id='word_1_220' title='bbox 1088 2969 1146 3035; x_wconf 86' lang='lat' dir='ltr'><strong>per</strong></span> <span class='ocrx_word' id='word_1_221' title='bbox 1172 2971 1311 3012; x_wconf 84' lang='lat' dir='ltr'><strong>summas</strong></span> <span class='ocrx_word' id='word_1_222' title='bbox 1340 2949 1446 3014; x_wconf 84' lang='lat' dir='ltr'><strong>undas</strong></span> 
     </span>
     <span class='ocr_line' id='line_1_26' title="bbox 383 3051 1446 3142; baseline -0.002 -20"><span class='ocrx_word' id='word_1_223' title='bbox 383 3057 467 3138; x_wconf 81' lang='lat' dir='ltr'><strong>labi3</strong></span> <span class='ocrx_word' id='word_1_224' title='bbox 504 3053 591 3120; x_wconf 90' lang='lat' dir='ltr'><strong>unde</strong></span> <span class='ocrx_word' id='word_1_225' title='bbox 620 3054 653 3118; x_wconf 90' lang='lat' dir='ltr'><strong>in</strong></span> <span class='ocrx_word' id='word_1_226' title='bbox 687 3052 894 3142; x_wconf 82' lang='lat' dir='ltr'><strong>prouerbium</strong></span> <span class='ocrx_word' id='word_1_227' title='bbox 923 3051 1003 3116; x_wconf 89' lang='lat' dir='ltr'><strong>abiit</strong></span> <span class='ocrx_word' id='word_1_228' title='bbox 1035 3051 1152 3140; x_wconf 76' lang='lat' dir='ltr'><strong>Iphicli</strong></span> <span class='ocrx_word' id='word_1_229' title='bbox 1177 3054 1340 3134; x_wconf 69' lang='lat' dir='ltr'><strong>celentur,</strong></span> <span class='ocrx_word' id='word_1_230' title='bbox 1372 3056 1446 3120; x_wconf 84' lang='lat' dir='ltr'><strong>ride</strong></span> 
     </span>
     <span class='ocr_line' id='line_1_27' title="bbox 383 3156 1444 3246; baseline -0.003 -19"><span class='ocrx_word' id='word_1_231' title='bbox 383 3161 550 3227; x_wconf 66' lang='lat' dir='ltr'><strong>Scholiaat,</strong></span> <span class='ocrx_word' id='word_1_232' title='bbox 570 3159 718 3246; x_wconf 81' lang='lat' dir='ltr'><strong>Apollou.</strong></span> <span class='ocrx_word' id='word_1_233' title='bbox 736 3157 757 3220; x_wconf 92' lang='lat' dir='ltr'><strong>l.</strong></span> <span class='ocrx_word' id='word_1_234' title='bbox 773 3157 795 3222; x_wconf 91' lang='lat' dir='ltr'><strong>l.</strong></span> <span class='ocrx_word' id='word_1_235' title='bbox 809 3173 842 3222; x_wconf 84' lang='lat' dir='ltr'><strong>et</strong></span> <span class='ocrx_word' id='word_1_236' title='bbox 856 3159 964 3222; x_wconf 84' lang='lat' dir='ltr'><strong>Tacta.</strong></span> <span class='ocrx_word' id='word_1_237' title='bbox 978 3156 1062 3222; x_wconf 87' lang='lat' dir='ltr'><strong>Chil.</strong></span> <span class='ocrx_word' id='word_1_238' title='bbox 1074 3159 1107 3237; x_wconf 96' lang='lat' dir='ltr'><strong>l,</strong></span> <span class='ocrx_word' id='word_1_239' title='bbox 1123 3161 1181 3239; x_wconf 70' lang='lat'><strong>42,</strong></span> <span class='ocrx_word' id='word_1_240' title='bbox 1197 3175 1229 3222; x_wconf 91' lang='lat' dir='ltr'><strong>et</strong></span> <span class='ocrx_word' id='word_1_241' title='bbox 1245 3161 1390 3224; x_wconf 84' lang='lat' dir='ltr'><strong>Euatath.</strong></span> <span class='ocrx_word' id='word_1_242' title='bbox 1405 3161 1444 3226; x_wconf 87' lang='lat' dir='ltr'><strong>ad</strong></span> 
     </span>
     <span class='ocr_line' id='line_1_28' title="bbox 387 3255 1443 3352; baseline 0 -23"><span class='ocrx_word' id='word_1_243' title='bbox 387 3267 520 3329; x_wconf 84' lang='lat' dir='ltr'><strong>Homer.</strong></span> <span class='ocrx_word' id='word_1_244' title='bbox 542 3261 632 3328; x_wconf 88' lang='lat' dir='ltr'><strong>lliad.</strong></span> <span class='ocrx_word' id='word_1_245' title='bbox 650 3263 750 3340; x_wconf 81' lang='lat' dir='ltr'><strong>xlx,</strong></span> <span class='ocrx_word' id='word_1_246' title='bbox 777 3255 852 3348; x_wconf 62' lang='lat'><strong>327,</strong></span> <span class='ocrx_word' id='word_1_247' title='bbox 878 3278 910 3325; x_wconf 93' lang='lat' dir='ltr'><strong>et</strong></span> <span class='ocrx_word' id='word_1_248' title='bbox 934 3262 1074 3350; x_wconf 84' lang='lat' dir='ltr'><strong>Etymol.</strong></span> <span class='ocrx_word' id='word_1_249' title='bbox 1100 3265 1207 3352; x_wconf 85' lang='lat' dir='ltr'><strong>magni</strong></span> <span class='ocrx_word' id='word_1_250' title='bbox 1227 3281 1393 3328; x_wconf 86' lang='lat' dir='ltr'><strong>auctorem</strong></span> <span class='ocrx_word' id='word_1_251' title='bbox 1411 3267 1443 3328; x_wconf 90' lang='lat' dir='ltr'><strong>in</strong></span> 
     </span>
     <span class='ocr_line' id='line_1_29' title="bbox 383 3366 1443 3459; baseline 0.005 -29"><span class='ocrx_word' id='word_1_252' title='bbox 383 3371 497 3452; x_wconf 61' lang='grc' dir='ltr'><strong>Ιφαιοςς</strong></span> <span class='ocrx_word' id='word_1_253' title='bbox 515 3389 587 3455; x_wconf 84' lang='lat' dir='ltr'><strong>quoe</strong></span> <span class='ocrx_word' id='word_1_254' title='bbox 606 3367 710 3455; x_wconf 88' lang='lat' dir='ltr'><strong>poetis</strong></span> <span class='ocrx_word' id='word_1_255' title='bbox 727 3366 915 3459; x_wconf 80' lang='lat' dir='ltr'><strong>hyperbolae</strong></span> <span class='ocrx_word' id='word_1_256' title='bbox 932 3367 1145 3432; x_wconf 75' lang='lat' dir='ltr'><strong>usitatissimae</strong></span> <span class='ocrx_word' id='word_1_257' title='bbox 1163 3367 1203 3432; x_wconf 91' lang='lat' dir='ltr'><strong>de</strong></span> <span class='ocrx_word' id='word_1_258' title='bbox 1220 3391 1443 3458; x_wconf 87' lang='lat' dir='ltr'><strong>quocumque,</strong></span> 
     </span>
     <span class='ocr_line' id='line_1_30' title="bbox 382 3472 1443 3560; baseline -0.002 -18"><span class='ocrx_word' id='word_1_259' title='bbox 382 3477 448 3550; x_wconf 81' lang='lat' dir='ltr'><strong>aire</strong></span> <span class='ocrx_word' id='word_1_260' title='bbox 467 3473 616 3554; x_wconf 86' lang='lat' dir='ltr'><strong>homine,</strong></span> <span class='ocrx_word' id='word_1_261' title='bbox 634 3473 699 3536; x_wconf 85' lang='lat' dir='ltr'><strong>aive</strong></span> <span class='ocrx_word' id='word_1_262' title='bbox 716 3472 844 3537; x_wconf 86' lang='lat' dir='ltr'><strong>animali</strong></span> <span class='ocrx_word' id='word_1_263' title='bbox 863 3473 1003 3560; x_wconf 87' lang='lat' dir='ltr'><strong>pernici,</strong></span> <span class='ocrx_word' id='word_1_264' title='bbox 1027 3489 1065 3536; x_wconf 92' lang='lat' dir='ltr'><strong>ut</strong></span> <span class='ocrx_word' id='word_1_265' title='bbox 1082 3473 1191 3538; x_wconf 83' lang='lat' dir='ltr'><strong>multis</strong></span> <span class='ocrx_word' id='word_1_266' title='bbox 1204 3475 1443 3542; x_wconf 86' lang='lat' dir='ltr'><strong>Escchenbach.</strong></span> 
     </span>
     <span class='ocr_line' id='line_1_31' title="bbox 383 3575 1444 3668; baseline -0.004 -18"><span class='ocrx_word' id='word_1_267' title='bbox 383 3581 424 3650; x_wconf 79' lang='lat' dir='ltr'><strong>ed</strong></span> <span class='ocrx_word' id='word_1_268' title='bbox 440 3577 607 3668; x_wconf 77' lang='lat' dir='ltr'><strong>Orphae.</strong></span> <span class='ocrx_word' id='word_1_269' title='bbox 629 3577 706 3664; x_wconf 83' lang='lat'><strong>137,</strong></span> <span class='ocrx_word' id='word_1_270' title='bbox 732 3593 764 3642; x_wconf 88' lang='lat' dir='ltr'><strong>et</strong></span> <span class='ocrx_word' id='word_1_271' title='bbox 781 3577 832 3642; x_wconf 88' lang='lat' dir='ltr'><strong>alii</strong></span> <span class='ocrx_word' id='word_1_272' title='bbox 849 3575 1072 3642; x_wconf 82' lang='lat' dir='ltr'><strong>ostenderunt.</strong></span> <span class='ocrx_word' id='word_1_273' title='bbox 1091 3578 1164 3659; x_wconf 89' lang='lat' dir='ltr'><strong>Qua</strong></span> <span class='ocrx_word' id='word_1_274' title='bbox 1187 3595 1296 3644; x_wconf 74' lang='lat' dir='ltr'><strong>umen</strong></span> <span class='ocrx_word' id='word_1_275' title='bbox 1314 3581 1392 3646; x_wconf 87' lang='lat' dir='ltr'><strong>dote</strong></span> <span class='ocrx_word' id='word_1_276' title='bbox 1412 3585 1444 3646; x_wconf 88' lang='lat' dir='ltr'><strong>in</strong></span> 
     </span>
     <span class='ocr_line' id='line_1_32' title="bbox 383 3683 1445 3775; baseline -0.002 -22"><span class='ocrx_word' id='word_1_277' title='bbox 383 3692 443 3758; x_wconf 75' lang='lat' dir='ltr'><strong>hic</strong></span> <span class='ocrx_word' id='word_1_278' title='bbox 460 3683 663 3775; x_wconf 79' lang='lat' dir='ltr'><strong>expeditione</strong></span> <span class='ocrx_word' id='word_1_279' title='bbox 679 3685 807 3748; x_wconf 86' lang='lat' dir='ltr'><strong>nautica</strong></span> <span class='ocrx_word' id='word_1_280' title='bbox 826 3707 892 3748; x_wconf 90' lang='lat' dir='ltr'><strong>nou</strong></span> <span class='ocrx_word' id='word_1_281' title='bbox 910 3684 1130 3752; x_wconf 83' lang='lat' dir='ltr'><strong>commendari</strong></span> <span class='ocrx_word' id='word_1_282' title='bbox 1146 3687 1292 3774; x_wconf 84' lang='lat' dir='ltr'><strong>potuisse</strong></span> <span class='ocrx_word' id='word_1_283' title='bbox 1308 3685 1445 3770; x_wconf 87' lang='lat' dir='ltr'><strong>ridetur,</strong></span> 
     </span>
     <span class='ocr_line' id='line_1_33' title="bbox 382 3791 1445 3882; baseline 0.001 -24"><span class='ocrx_word' id='word_1_284' title='bbox 382 3795 456 3882; x_wconf 86' lang='lat' dir='ltr'><strong>quia</strong></span> <span class='ocrx_word' id='word_1_285' title='bbox 470 3792 535 3871; x_wconf 79' lang='lat' dir='ltr'><strong>jana</strong></span> <span class='ocrx_word' id='word_1_286' title='bbox 552 3791 661 3856; x_wconf 76' lang='lat' dir='ltr'><strong>senior</strong></span> <span class='ocrx_word' id='word_1_287' title='bbox 674 3808 759 3871; x_wconf 90' lang='lat' dir='ltr'><strong>erat,</strong></span> <span class='ocrx_word' id='word_1_288' title='bbox 778 3806 810 3855; x_wconf 88' lang='lat' dir='ltr'><strong>et</strong></span> <span class='ocrx_word' id='word_1_289' title='bbox 823 3791 977 3854; x_wconf 82' lang='lat' dir='ltr'><strong>immunis</strong></span> <span class='ocrx_word' id='word_1_290' title='bbox 992 3793 1138 3860; x_wconf 74' lang='lat' dir='ltr'><strong>samnium</strong></span> <span class='ocrx_word' id='word_1_291' title='bbox 1155 3816 1313 3881; x_wconf 87' lang='lat' dir='ltr'><strong>operum,</strong></span> <span class='ocrx_word' id='word_1_292' title='bbox 1334 3795 1393 3860; x_wconf 82' lang='lat' dir='ltr'><strong>aed</strong></span> <span class='ocrx_word' id='word_1_293' title='bbox 1409 3813 1445 3860; x_wconf 91' lang='lat' dir='ltr'><strong>ut</strong></span> 
     </span>
     <span class='ocr_line' id='line_1_34' title="bbox 382 3895 1446 3982; baseline 0.007 -22"><span class='ocrx_word' id='word_1_294' title='bbox 382 3899 535 3974; x_wconf 84' lang='lat' dir='ltr'><strong>monitor,</strong></span> <span class='ocrx_word' id='word_1_295' title='bbox 550 3896 607 3981; x_wconf 92' lang='lat' dir='ltr'><strong>qui</strong></span> <span class='ocrx_word' id='word_1_296' title='bbox 617 3896 751 3974; x_wconf 81' lang='lat' dir='ltr'><strong>juvenes</strong></span> <span class='ocrx_word' id='word_1_297' title='bbox 765 3895 806 3960; x_wconf 89' lang='lat' dir='ltr'><strong>ad</strong></span> <span class='ocrx_word' id='word_1_298' title='bbox 823 3897 975 3960; x_wconf 82' lang='lat' dir='ltr'><strong>virtutem</strong></span> <span class='ocrx_word' id='word_1_299' title='bbox 992 3898 1186 3980; x_wconf 85' lang='lat' dir='ltr'><strong>stimularet,</strong></span> <span class='ocrx_word' id='word_1_300' title='bbox 1200 3898 1361 3982; x_wconf 86' lang='lat' dir='ltr'><strong>adscitus;</strong></span> <span class='ocrx_word' id='word_1_301' title='bbox 1374 3901 1446 3967; x_wconf 84' lang='lat' dir='ltr'><strong>ride</strong></span> 
     </span>
     <span class='ocr_line' id='line_1_35' title="bbox 382 4001 1445 4092; baseline 0.006 -26"><span class='ocrx_word' id='word_1_302' title='bbox 382 4003 450 4068; x_wconf 87' lang='lat' dir='ltr'><strong>Val.</strong></span> <span class='ocrx_word' id='word_1_303' title='bbox 468 4002 516 4066; x_wconf 80' lang='lat' dir='ltr'><strong>tt.</strong></span> <span class='ocrx_word' id='word_1_304' title='bbox 532 4002 566 4079; x_wconf 94' lang='lat' dir='ltr'><strong>l,</strong></span> <span class='ocrx_word' id='word_1_305' title='bbox 590 4003 665 4086; x_wconf 77' lang='grc'><strong><em>474.</em></strong></span> <span class='ocrx_word' id='word_1_306' title='bbox 688 4002 798 4080; x_wconf 89' lang='lat' dir='ltr'><strong>Quare</strong></span> <span class='ocrx_word' id='word_1_307' title='bbox 813 4001 919 4067; x_wconf 85' lang='lat' dir='ltr'><strong>mirari</strong></span> <span class='ocrx_word' id='word_1_308' title='bbox 935 4001 1064 4088; x_wconf 75' lang='lat' dir='ltr'><strong>aliquis,</strong></span> <span class='ocrx_word' id='word_1_309' title='bbox 1083 4005 1136 4068; x_wconf 90' lang='lat' dir='ltr'><strong>cui</strong></span> <span class='ocrx_word' id='word_1_310' title='bbox 1153 4022 1322 4092; x_wconf 85' lang='lat' dir='ltr'><strong>poetarum</strong></span> <span class='ocrx_word' id='word_1_311' title='bbox 1340 4008 1374 4074; x_wconf 93' lang='lat' dir='ltr'><strong>in</strong></span> <span class='ocrx_word' id='word_1_312' title='bbox 1394 4008 1445 4072; x_wconf 88' lang='lat' dir='ltr'><strong>hi·</strong></span> 
     </span>
     <span class='ocr_line' id='line_1_36' title="bbox 382 4103 1444 4200; baseline 0.004 -28"><span class='ocrx_word' id='word_1_313' title='bbox 382 4107 479 4172; x_wconf 84' lang='lat' dir='ltr'><strong>storia</strong></span> <span class='ocrx_word' id='word_1_314' title='bbox 493 4103 633 4190; x_wconf 77' lang='lat' dir='ltr'><strong>mythice</strong></span> <span class='ocrx_word' id='word_1_315' title='bbox 651 4119 833 4190; x_wconf 86' lang='lat' dir='ltr'><strong>temporum</strong></span> <span class='ocrx_word' id='word_1_316' title='bbox 852 4107 1061 4173; x_wconf 82' lang='lat' dir='ltr'><strong>confusiones</strong></span> <span class='ocrx_word' id='word_1_317' title='bbox 1077 4108 1196 4196; x_wconf 79' lang='lat' dir='ltr'><strong>ignote</strong></span> <span class='ocrx_word' id='word_1_318' title='bbox 1213 4125 1307 4192; x_wconf 84' lang='lat' dir='ltr'><strong>aunt,</strong></span> <span class='ocrx_word' id='word_1_319' title='bbox 1320 4129 1444 4200; x_wconf 86' lang='lat' dir='ltr'><strong>posset,</strong></span> 
     </span>
    </p>
   </div>
   <div class='ocr_carea' id='block_1_4' title="bbox 0 0 1614 5128">
    <p class='ocr_par' dir='ltr' id='par_1_4' title="bbox 0 0 1614 5128">
     <span class='ocr_line' id='line_1_37' title="bbox 0 0 1614 5128; baseline 0 1"><span class='ocrx_word' id='word_1_320' title='bbox 0 0 1614 5128; x_wconf 95' lang='lat' dir='ltr'><strong> </strong></span> 
     </span>
    </p>
   </div>
  </div>
 </body>
</html>
