3102 5128
256 499 648 656 cssvannnn
678 547 949 654 rancor

404 799 610 880 SET'INI
642 797 821 878 BALBI

235 1001 994 1136 ARGONAUTICON

340 1257 517 1341 LIBER
556 1259 873 1343 SEPTIMUS.

420 1445 796 1505 ψ.

289 1635 532 1706 arta-nrsrs
561 1635 700 1704 mom
731 1627 947 1704 supatru.

107 1797 158 1854 Poet
169 1795 269 1874 epulae
287 1796 317 1854 ia
332 1795 439 1874 palatio
455 1796 492 1854 ad
509 1814 602 1856 seram
618 1807 732 1854 noctem
746 1805 905 1871 protractas
918 1794 1062 1871 utrimque
1077 1807 1140 1852 tan-

134 1885 192 1946 dem
206 1885 379 1964 disceditur&
398 1887 501 1948 Medea
518 1901 613 1948 autern
632 1887 792 1946 insomnem
807 1885 935 1964 transigit
950 1899 1073 1958 noctem,
1091 1905 1142 1946 va-

136 1976 179 2034 riis
191 1978 280 2035 animi
294 1978 399 2055 agitata
417 1978 557 2052 ructibus,
577 1997 701 2056 quorum
716 1995 832 2036 caueam
853 1982 987 2036 iasonem
1005 1997 1067 2037 esee
1086 1977 1142 2037 eibi

135 2067 188 2142 ipra
198 2069 316 2144 quidem
330 2071 444 2140 fatetur,
461 2090 513 2129 nec
528 2083 637 2142 tamen,
648 2089 705 2148 qua
718 2070 829 2128 ratione
842 2070 933 2149 optati
947 2089 1066 2148 compos
1076 2071 1142 2143 liat,

136 2161 278 2238 perspicit,
292 2161 385 2220 1-25.
408 2162 551 2222 Postridie
569 2168 657 2224 Jaeon
677 2182 772 2240 regem
791 2163 913 2221 victoria
932 2162 1029 2222 laetum
1047 2162 1143 2222 denuo

137 2249 294 2312 adeundum
315 2267 410 2326 ratus,
432 2253 473 2314 nil
494 2253 586 2327 aliud,
604 2269 812 2333 quamsponte
833 2253 887 2313 sibi
909 2274 1028 2314 aureum
1053 2257 1144 2314 vellus

137 2342 257 2404 oblatum
271 2345 318 2420 iri,
329 2358 441 2422 sperat,
452 2346 567 2406 26-31.
582 2350 716 2408 Frustra:
732 2367 783 2406 nex
798 2347 872 2406 enim
887 2346 982 2406 denuo
997 2346 1145 2406 audaciam

138 2435 394 2514 npudentiantque
416 2439 514 2496 anoni
531 2437 705 2518 exprobrat,
719 2439 770 2517 qui
788 2439 870 2497 terrie
890 2458 908 2496 e
925 2439 1089 2518 longinquis
1105 2440 1146 2497 nil

138 2528 187 2586 nisi
202 2530 301 2608 prado
322 2529 487 2604 advenerit,
507 2545 540 2591 ut
559 2529 679 2590 donaria
699 2552 715 2589 o
736 2531 861 2610 templis,
883 2543 1035 2608 numaque,
1054 2532 1078 2590 si
1101 2530 1145 2588 dis

138 2619 249 2695 placeat,
259 2623 356 2700 rapiat
368 2635 455 2700 atqtoe
468 2643 565 2684 aecum
578 2623 712 2682 abducat.
724 2625 778 2682 «Si
793 2637 899 2694 nmen,
912 2623 952 2681 sic
965 2622 1069 2700 pergit,
1080 2641 1147 2699 per-

139 2724 206 2786 stas,
220 2734 288 2792 age,
311 2728 409 2774 tauros
427 2716 457 2774 ln
471 2733 543 2794 agro
558 2716 595 2774 ad
608 2714 711 2774 urbem
725 2715 780 2774 sito
796 2713 954 2792 ignivomos
970 2725 1067 2770 aratro
1077 2711 1147 2789 jun·
1255 2777 1258 2788 Ἰ

137 2821 198 2880 get,
206 2825 260 2863 nec
275 2805 414 2878 deerunt,
428 2827 492 2884 qua
505 2823 559 2884 per
568 2807 663 2866 sulcos
674 2823 804 2885 spargas,
817 2805 934 2864 nemina
942 2809 1049 2862 Tecum
1062 2803 1149 2881 igitur

138 2893 257 2972 tuisque,
268 2915 343 2973 qnos
352 2897 461 2974 jactae,
470 2901 542 2958 'cum
563 2898 618 2958 dile
632 2897 792 2977 perpende3
805 2917 859 2956 nec
874 2895 928 2956 nisi
942 2895 1028 2954 unius
1037 2913 1149 2954 moram

137 2988 224 3046 noeis
237 2985 291 3046 tibi
304 2987 462 3061 concedo»,
475 2991 578 3064 32-77·
594 2977 697 3050 Medea
707 2988 744 3048 ad
758 2988 817 3048 haec
829 2989 919 3067 patrie
932 2988 1060 3046 crudelia
1071 2987 1150 3065 jussa

137 3077 327 3138 mnnemiscit
340 3079 464 3158 pallida,
491 3082 626 3159 timetque
645 3082 682 3142 de
700 3081 827 3160 hospite,
847 3081 913 3159 qui,
938 3102 1002 3160 que
1021 3080 1150 3158 pericula

138 3166 227 3245 ἰβιω
245 3186 395 3244 maneant,
417 3174 538 3234 iortaeee
550 3175 679 3250 ignorat,
695 3177 732 3248 78
743 3207 758 3220 -
771 3175 818 3232 81.
847 3179 935 3235 Jasou
954 3175 1036 3232 duris
1053 3172 1150 3232 verbis

137 3262 264 3342 increpat
277 3266 392 3342 tyranni
406 3267 573 3344 perfidiam,
595 3267 725 3345 nihilque
737 3287 767 3328 se
782 3267 971 3326 reformidare
983 3268 1150 3338 confirmat,

135 3351 275 3430 quidquid
288 3354 376 3414 Peliae
389 3361 534 3434 AEetaeque
555 3357 718 3436 horumque
732 3359 836 3419 similae
850 3360 964 3438 tyranni
979 3377 1079 3418 omnes
1095 3357 1151 3416 eibi

137 3443 298 3522 imponant,
308 3459 338 3504 et
350 3445 391 3504 sic
404 3467 441 3506 ex
455 3451 520 3511 auia
532 3469 564 3508 ae
575 3451 714 3530 proripit,
730 3453 867 3511 82-102.
882 3453 936 3511 Vix
948 3451 1079 3510 attollere
1092 3452 1152 3509 vui-

136 3547 194 3593 tnrn
207 3555 279 3606 arua
295 3538 401 3598 Medea
414 3541 505 3600 oculis
519 3553 615 3600 tamen
626 3543 810 3620 prosequitur
823 3543 992 3616 abeuntem,
1005 3542 1056 3619 qui
1070 3561 1152 3600 nunr-

136 3647 223 3702 quam
242 3643 328 3688 antea
348 3643 406 3690 tam
420 3632 542 3710 pulcher
561 3647 675 3711 unaque
691 3633 874 3692 admirandus
895 3634 1152 3692 marianarum

136 3737 207 3778 vero
224 3736 419 3800 proreperet,
437 3725 518 3795 tore,
538 3738 571 3784 nt
584 3738 694 3804 patrem
708 3726 775 3785 aevi
786 3725 859 3802 junii
874 3727 1108 3804 poeniteat,·mox
1122 3725 1152 3782 in

134 3812 261 3885 scrofis,
280 3815 417 3874 comitam
438 3817 573 3877 matriave
592 3817 657 3878 siun
677 3835 760 3878 curae
773 3815 921 3895 deponere
936 3819 1034 3894 gestit,
1047 3817 1153 3894 patris-

133 3923 191 3980 φη
211 3906 298 3964 solito
318 3905 453 3969 blandius
471 3929 571 3974 manue
593 3910 754 3982 osculatur,
773 3909 895 3969 subinde
914 3922 1006 3968 totum
1021 3915 1154 3969 Jeaonem

133 3996 234 4056 animo
244 4011 379 4060 mutere
393 3997 544 4061 allaborat
560 4001 688 4062 Tandem
701 4021 802 4063 somno
816 4001 928 4062 sedare
941 4002 1035 4082 cupit,
1048 4002 1080 4060 in
1095 4019 1155 4077 quo

133 4098 233 4153 tamen
248 4087 313 4167 ipso
329 4089 416 4151 modo
434 4091 595 4172 hospitem,
613 4093 700 4156 modo
715 4109 826 4172 patrem
847 4096 991 4175 supplices
1005 4093 1060 4152 sibi
1075 4089 1156 4149 videt
1283 4095 1284 4098 ’

131 4178 214 4250 fieri,
239 4182 316 4250 roi-
329 4182 393 4240 aba.
409 4184 456 4244 ad
469 4185 545 4246 hanc
559 4187 655 4246 animo
670 4187 780 4248 Medea
794 4185 1013 4246 inconstantiam
1026 4183 1154 4242 evellen-

50 4327 57 4341 ,
129 4267 203 4330 clam
218 4277 297 4332 June
311 4276 432 4336 Veneria
447 4277 584 4340 armiliam
599 4278 695 4338 denno
710 4281 859 4358 implorat,
879 4277 931 4338 153
944 4313 958 4324 -
975 4297 1037 4351 r7o.
1057 4281 1155 4334 Venus
