3220 5128
374 487 436 552 332
756 483 1057 550 CATALOGUS

373 611 393 674 l.
407 610 427 672 l.
445 608 655 672 Theocritum
672 606 733 694 ipsi
751 605 828 670 dare
845 621 979 671 matrem
998 609 1227 688 Laocoonam,
1244 609 1442 674 Pisandrum

371 738 449 779 vero
471 713 690 799 Polydorum,-
712 713 746 775 in
766 735 830 800 qna
854 713 980 794 nescio,
997 737 1037 778 au
1058 737 1124 778 non
1142 713 1289 802 quedam
1306 715 1347 778 sit
1364 739 1441 779 rnu-

372 821 488 886 lierum
506 819 674 899 confusio;
694 841 768 882 nam
784 817 877 881 Pelea
896 841 935 882 ex
952 821 1132 908 Antigone,
1156 821 1344 909 Eurytionis
1359 819 1440 902 filia,

372 926 521 1018 genuisse
541 923 735 1008 Polydorum
754 940 861 987 narrat
875 924 1026 1012 Apollon.
1042 925 1098 990 lib.
1114 927 1185 1007 111,
1204 949 1274 1015 cap.
1294 947 1353 1008 ια,
1374 938 1390 1004 ς
1405 951 1441 1008 1,

374 1057 447 1122 quae
464 1047 565 1119 nupta
585 1033 648 1096 fuit
665 1030 769 1108 Bono,
793 1030 929 1094 Perien's
954 1030 1035 1114 lilio,
1058 1047 1155 1120 quem
1173 1033 1290 1098 Boruru
1306 1051 1440 1122 postea,

228 1205 231 1214 ,
374 1145 391 1219 §
412 1142 451 1218 4,
469 1137 549 1201 dicit
571 1159 640 1202 esse
657 1136 848 1226 Sperchium
875 1133 1027 1220 fluvium,
1046 1153 1079 1202 et
1101 1161 1140 1202 ex
1156 1139 1211 1203 illo
1229 1141 1440 1204 matrimonio

232 1265 239 1281 ·
376 1262 487 1309 natum
504 1243 733 1321 Meneclium,
753 1243 810 1328 qui
830 1241 932 1306 Boius
950 1243 991 1306 ab
1008 1243 1077 1308 aliis
1093 1243 1338 1335 Mythogmphis
1356 1247 1443 1310 inter

374 1349 456 1414 filios
481 1348 618 1412 Perieris
646 1369 713 1412 non
741 1363 947 1428 numeratur,
974 1363 1012 1410 ut
1038 1348 1122 1412 forte
1147 1351 1215 1429 ejus
1244 1373 1327 1414 uxor
1350 1353 1442 1414 fratri

263 1529 268 1542 .
375 1455 523 1543 Aphareo
539 1454 637 1518 fuerit
655 1475 671 1516 a
690 1450 886 1540 quibusdem
904 1451 996 1534 data,
1013 1453 1069 1540 qui
1087 1453 1231 1544 legerant
1248 1453 1441 1540 Polydorum

375 1577 509 1649 nuptam
527 1557 593 1624 filio
610 1557 757 1624 Perieris.
775 1557 923 1622 Eustath.
940 1555 981 1622 ad
999 1557 1092 1622 Iliad.
1111 1561 1160 1641 ll,
1183 1583 1229 1624 vs.
1243 1561 1327 1640 681,
1344 1561 1442 1645 Poly·

374 1667 486 1732 dorum
503 1665 588 1728 hanc
606 1687 646 1728 ex
663 1661 849 1748 Polymelo,
870 1661 933 1726 filie
953 1665 1099 1744 Actoris,
1118 1681 1242 1746 natam,
1261 1681 1294 1729 et
1309 1665 1442 1731 Achillis

375 1795 519 1838 sororem
537 1769 631 1850 faeit;
647 1767 704 1834 sed
724 1769 777 1834 alii
795 1769 903 1853 aliter3
925 1767 999 1834 vide
1015 1770 1121 1834 Schol.
1138 1771 1288 1859 Apollon.
1307 1773 1342 1853 1,
1360 1771 1442 1852 558;
1581 1755 1582 1760 ἵ

376 1877 571 1964 Polydorum
590 1875 754 1940 Protesilai
774 1898 927 1957 uxorem,
952 1875 1040 1942 unde
1069 1893 1141 1940 nata
1168 1899 1250 1942 uxor
1269 1879 1442 1968 Meleagri,

378 1983 456 2047 dicit
473 1981 609 2045 Pausan.
622 1981 679 2060 IV,
704 2003 744 2060 2,
763 1977 804 2044 de
822 2003 886 2068 qua
900 2003 1001 2045 uxore
1019 1983 1171 2072 Meleagri
1188 2005 1263 2046 mox
1285 1981 1442 2048 dicemus.

378 2089 479 2153 Aliam
496 2087 686 2175 opinionem
708 2083 748 2148 de
767 2101 869 2149 matre
892 2085 960 2150 111ae
981 2101 1014 2150 et
1032 2087 1150 2172 Lyncei
1164 2085 1261 2152 habet
1276 2089 1384 2155 Tzetz.
1402 2089 1443 2152 ad

378 2197 538 2289 Lycophr.
559 2195 641 2277 511,
665 2195 722 2284 qui
740 2195 819 2258 alios
831 2197 962 2274 Arnen,
980 2195 1077 2260 filiam
1088 2197 1194 2280 AEoli,
1220 2199 1289 2278 ejus
1307 2217 1442 2264 matrem

377 2308 482 2368 facere
495 2301 590 2384 dicit,
607 2299 648 2366 de
664 2304 830 2388 quaAme
848 2300 881 2363 in
898 2302 1013 2365 Jasone
1030 2325 1171 2392 agemus.
1188 2301 1261 2369 Idas
1276 2327 1356 2370 vero
1371 2329 1446 2370 acer

260 2491 263 2500 Ι
379 2409 516 2500 etferoc·
529 2408 660 2498 Hygino
673 2407 793 2472 dicitur
805 2407 919 2489 fuisse,
939 2425 972 2473 et
984 2408 1044 2474 hac
1058 2426 1135 2474 nota
1151 2409 1191 2474 ab
1208 2411 1363 2476 omnibus
1382 2415 1444 2476 Ar·

379 2531 594 2608 gonantarum
609 2514 821 2603 scriptoribus
843 2513 1104 2599 demonstratur;
1128 2515 1201 2582 ride
1213 2517 1283 2582 Val.
1299 2519 1348 2582 ΙΙΙ.
1361 2520 1443 2598 Vll,

381 2625 454 2712 574.
479 2623 544 2686 Ore
562 2643 731 2710 procacem
745 2637 777 2684 et
793 2619 932 2685 deorum
948 2639 1217 2710 contemptorem,
1231 2623 1444 2711 Apollonium

370 2742 455 2794 ‘eum
471 2726 625 2792 inducere
640 2741 729 2790 notat
743 2725 850 2792 Barth.
862 2725 903 2789 ad
916 2727 994 2790 Stat.
1005 2728 1043 2808 V,
1060 2726 1134 2808 505,
1146 2744 1179 2792 et
1191 2727 1268 2792 hinc
1285 2730 1317 2791 in
1335 2751 1444 2819 pugne

380 2837 432 2900 illa
446 2857 522 2900 cum
537 2835 670 2898 Castore
683 2849 715 2896 et
727 2832 879 2913 Polluce,
896 2855 993 2920 quam
1012 2833 1065 2896 alii
1084 2831 1124 2897 de
1139 2833 1305 2898 sororibus
1321 2834 1444 2900 Phoehe

380 2960 412 3007 et
429 2941 522 3005 Ilaira
538 2940 652 3028 raptis,
676 2939 728 3002 alii
748 2938 788 3003 de
804 2936 911 3026 praeda
931 2940 1012 3002 male
1028 2938 1147 3020 divisa,
1172 2956 1277 3004 ortam
1292 2956 1443 3016 namot,

380 3046 532 3112 ferociam
552 3042 712 3125 ostendit,
734 3061 768 3108 et
780 3047 912 3109 Castora
925 3044 1103 3124 interfecit,
1120 3061 1158 3108 nt
1171 3044 1285 3109 Pollux
1300 3047 1445 3134 Lyncea,

381 3175 479 3242 quam
493 3149 612 3214 cedem
629 3173 733 3237 quum
748 3150 956 3216 ulcisceretur
967 3150 1056 3230 Idas,
1076 3150 1180 3241 lapide
1197 3152 1364 3218 Pollucem
1379 3175 1447 3240 pen·

381 3239 500 3337 cussit,
516 3255 573 3320 sed
587 3256 603 3319 J
607 3256 711 3344 opiter
724 3257 818 3319 Idam
833 3257 969 3320 fulmine
983 3257 1158 3344 percussit,
1173 3255 1239 3322 vid.
1254 3248 1444 3347 Apollodor.

380 3366 440 3445 ΙΙΙ,
458 3385 526 3450 cap.
547 3385 604 3442 ιο,
623 3365 640 3442 s
657 3383 696 3442 α,
721 3361 850 3426 Pindar.
868 3361 961 3426 Nem.
982 3361 1044 3426 Od
1065 3365 1115 3443 X,
1142 3361 1219 3446 1153
1235 3365 1443 3428 Theocritio

382 3471 568 3550 Dioscuris;
593 3469 699 3534 Tzetz.
719 3467 760 3534 ad
781 3468 942 3558 Lycophr.
963 3468 1047 3549 511;
1069 3469 1164 3534 ovid.
1181 3471 1307 3552 Fast.V,
1332 3472 1398 3558 699
1413 3486 1445 3534 et

381 3573 447 3665 sed.
465 3593 498 3639 et
511 3575 590 3638 alios
607 3575 776 3663 plurimos.
796 3575 886 3654 Idas,
913 3575 969 3662 qni
983 3575 1068 3638 bello
1085 3575 1243 3640 Thebano
1261 3575 1445 3640 interfuisse

380 3707 399 3746 a
417 3681 517 3748 Statio
534 3695 701 3761 narratur,
724 3702 790 3743 non
808 3697 919 3744 noster
934 3679 1066 3766 quidem
1081 3703 1149 3744 esse
1162 3679 1301 3762 videtur,
1326 3679 1382 3746 sed
1405 3681 1445 3746 ad
1581 3677 1582 3708 Ι

381 3792 449 3870 ejus
463 3787 615 3852 ferocium
633 3787 790 3862 formatus
807 3811 823 3850 a
845 3785 1036 3868 Poets3vid.
1049 3787 1154 3852 Theb.
1170 3789 1236 3868 Vl,
1257 3787 1341 3868 553,
1359 3787 1444 3854 unde
1581 3785 1582 3794 ¹

382 3896 544 3974 horridus,
560 3915 605 3956 vs.
616 3892 696 3972 603,
707 3892 875 3980 improbus,
890 3915 935 3956 vs.
949 3894 1023 3972 644.
1036 3893 1119 3957 Nam
1131 3892 1308 3958 Thebanus
1316 3911 1400 3975 erat,
1414 3910 1444 3958 et
1581 3929 1582 3944 ι

382 4023 479 4087 quem
493 3998 620 4088 Lydeus
634 3999 809 4086 prosternit
822 3999 877 4062 lib.
889 3999 987 4079 Vlll,
1002 3998 1078 4079 466,
1096 3998 1152 4062 nbi
1167 3999 1371 4064 Onchestinm
1388 4023 1443 4064 vo·
1581 3999 1582 4066 ζ

383 4123 452 4182 eat,
475 4104 609 4166 fortasse
633 4105 728 4166 etiam
751 4104 923 4190 Neptuno,
944 4121 983 4166 ut
997 4121 1108 4167 noster
1118 4102 1213 4182 ldos,
1236 4120 1345 4168 ortum
1362 4103 1443 4168 iudi·

382 4231 478 4272 cans:
495 4207 677 4270 Onchestns
692 4207 779 4270 enim
793 4209 947 4295 Neptuno
962 4231 1063 4289 sacra,
1081 4225 1117 4273 nt
1131 4225 1222 4272 notat
1237 4209 1280 4273 ibi
1293 4211 1399 4274 Barth.
1411 4227 1441 4274 et
