3220 5124
387 495 461 585 344‘
766 511 1061 576 cn'rntouns

388 651 555 716 superasse
564 633 718 694 Ancaeum
730 648 763 696 et
774 633 950 720 Nauplitun
963 632 1076 712 refert,
1088 649 1120 695 et
1135 632 1257 718 Tinhyn
1267 631 1446 720 etoepia'ee,

390 750 427 798 ut
452 735 485 796 in
514 735 635 823 Ergino
651 735 841 800 videbimus.
864 739 900 800 ln
927 735 1118 800 dictionario
1141 734 1293 801 historico
1319 736 1445 823 poetico

388 837 483 902 video
508 845 677 904 memorari
700 846 822 906 Annum
846 844 959 904 Ancaei
970 837 1101 924 filiam,
1123 863 1220 928 quam
1248 838 1304 905 diu
1330 841 1446 904 frustra

389 944 537 1030 quesivi3
554 945 611 1008 sed
637 945 735 1009 credo
752 947 802 1012 vel
826 947 967 1011 auctoris
995 947 1202 1034 negligentia,
1222 946 1279 1033 qui
1300 945 1446 1009 vitiosam

388 1047 562 1113 editionem
580 1050 712 1113 Homeri
732 1051 938 1115 consuluerat
956 1048 1009 1135 (in
1020 1049 1195 1114 Scholiaste
1206 1049 1292 1114 enim
1305 1051 1343 1114 ΙΙ.
1356 1049 1445 1130 xlv,

391 1147 471 1230 323,
483 1149 538 1212 ubi
552 1150 711 1214 Alcmene
727 1174 828 1240 genus
847 1153 994 1232 refertur,
1008 1150 1135 1239 legitur,
1149 1152 1255 1224 Ᾰναξοῦς
1269 1165 1313 1222 τῆς
1327 1151 1447 1231 leuto,

391 1276 452 1341 pro
467 1245 588 1328 Ᾱλιιαίου,
598 1272 636 1319 ut
654 1256 686 1318 in
707 1255 848 1320 editione
864 1253 1024 1320 Hacltiaua
1042 1257 1260 1343 correctum),
1272 1257 1321 1320 vel
1334 1278 1447 1344 opem·

389 1381 463 1422 rum
481 1380 589 1423 errore
606 1382 674 1423 esse
699 1359 823 1424 editum
849 1383 908 1448 pro
928 1360 1033 1425 Alcoei
1050 1360 1148 1448 fih'a:
1165 1383 1238 1424 nam
1260 1357 1446 1450 Apollodor.

390 1460 445 1524 lib.
458 1461 504 1534 ΙΙ,
514 1483 581 1550 cap.
596 1463 658 1540 4,§
671 1460 706 1542 5,
719 1463 840 1524 Anaxa
852 1461 954 1524 Aleaei
963 1460 1076 1540 filiam,
1086 1461 1284 1550 Electryonis
1296 1483 1447 1542 uxorem,

391 1580 422 1628 et
440 1581 575 1630 matrem
591 1565 750 1628 Alcmenae
767 1565 840 1628 lacit
851 1589 859 1646 ς
871 1581 902 1629 et
921 1565 972 1628 ille
987 1564 1113 1630 Alcoeus
1129 1580 1327 1629 memomtur
1342 1563 1446 1629 Schol.

393 1669 497 1758 Apoll.
511 1671 543 1751 1,
558 1673 632 1758 747,
645 1685 682 1732 ut
700 1667 783 1732 lilius
801 1668 907 1732 Persei
921 1687 953 1732 et
964 1668 1178 1734 Andromedae
1188 1670 1304 1749 fuerit,
1315 1685 1348 1734 et
1361 1685 1449 1758 pater

392 1773 657 1862 Amphitryonis,
674 1772 737 1836 rid.
754 1771 861 1836 Schol.
880 1772 973 1838 Pind.
994 1773 1122 1862 Olymp.
1139 1773 1192 1854 vt,
1210 1772 1288 1856 1153
1302 1773 1447 1862 Euripid.

393 1877 517 1941 Hecub.
537 1877 616 1958 886,
632 1892 663 1940 et
686 1877 773 1940 Serv.
791 1874 830 1940 ad
845 1877 932 1966 Virg.
947 1875 1022 1941 AEn.
1036 1875 1098 1954 VI,
1118 1875 1199 1962 3963
1218 1877 1259 1940 ita
1278 1893 1316 1941 ut
1326 1879 1448 1940 Annxo

395 1981 463 2046 haec
489 1983 634 2070 nupserit
661 1997 776 2070 patruo
800 2003 861 2044 suo
884 1981 1083 2070 Electryoni,
1105 1981 1200 2046 Aleoei
1217 1981 1318 2046 fratri.
1337 1981 1449 2047 Obiter

396 2087 490 2152 etiam
509 2103 606 2168 noto,
624 2091 746 2150 Annxo
766 2087 858 2150 aliam
881 2087 1070 2168 memorari,
1085 2110 1182 2176 quam
1203 2095 1277 2152 a'nte
1295 2089 1447 2156 Helenam

396 2215 435 2258 ex
449 2193 544 2272 Troia
571 2193 713 2280 rapuisse
727 2193 850 2256 Thesea
880 2210 985 2258 narrat
1005 2193 1194 2275 Athenaeus,
1218 2193 1272 2258 lib.
1296 2193 1394 2276 XIII,
1416 2217 1448 2276 r,
1489 2213 1494 2222 ·

396 2321 492 2384 quem
517 2319 622 2361 errare
640 2298 672 2360 in
692 2298 790 2386 patria
809 2299 904 2378 hujus
922 2298 1064 2362 mulieris
1083 2313 1167 2363 recte
1183 2297 1324 2363 ostendit
1339 2298 1448 2363 Meur-

395 2403 460 2466 sius
479 2403 512 2466 in
528 2402 669 2484 Theseo,
686 2425 754 2492 cap.
774 2399 832 2484 233
846 2419 879 2466 et
900 2425 938 2466 ex
962 2403 1123 2468 Plutarchi
1138 2402 1280 2486 Theseo,
1297 2425 1370 2493 pag.
1394 2403 1447 2484 13,

395 2531 456 2596 pro
480 2519 507 2570 ιἰι
519 2519 607 2587 Τροίας
623 2506 814 2596 legendum,
828 2519 856 2570 ta
866 2519 1022 2591 Τροιζηνίας,
1038 2531 1232 2596 quamquam
1245 2509 1341 2573 etiam
1357 2529 1449 2596 posse

396 2613 475 2701 legi,
489 2623 517 2674 ιιι
525 2623 662 2692 Τροιζῆνος,
674 2610 822 2676 ostendit.

438 2809 711 2874 ANCHISTEUS.
729 2811 825 2872 Hunc
843 2809 976 2874 Carrion
994 2811 1101 2874 retulit
1117 2812 1149 2873 in
1162 2811 1341 2900 catalogum
1353 2815 1451 2900 Argo·

397 2931 567 2978 nautarum
583 2915 624 2978 ah
643 2915 775 3003 Orpheo
787 2931 1055 2998 memoratorum,
1071 2917 1145 2980 licet
1161 2933 1312 3005 corrupte
1328 2918 1450 3006 legatur

397 3022 430 3080 in
443 3020 603 3082 Carrionis
613 3019 770 3102 editione,
781 3019 993 3084 Anchistecus.
1008 3021 1129 3108 Orphei
1138 3021 1306 3104 verba,vs.
1320 3044 1383 3086 ano
1392 3021 1450 3108 (t),

398 3139 490 3186 sunt:

512 3231 595 3340 hurdp
608 3249 642 3308 δὴ
655 3253 745 3304 noim
759 3251 885 3322 Φιρωίοοιν
894 3251 961 3306 ἤλυθ’
973 3252 1078 3313 ἄνακτος

515 3343 658 3410 Amudis.

433 3515 471 3580 (t)
491 3511 530 3564 Ad
549 3533 628 3584 quem
648 3517 735 3568 locum
750 3515 809 3569 vide
827 3515 937 3568 Gesner.
957 3533 1017 3587 pag.
1039 3525 1088 3582 40,
1115 3520 1160 3589 qui
1174 3519 1252 3572 etiam
1272 3519 1414 3570 refutatum
1432 3517 1451 3569 it

402 3600 560 3654 Valckenar.
573 3602 608 3656 nd
619 3605 738 3657 Ammon.
749 3605 777 3668 1,
804 3623 831 3668 r,
847 3624 874 3675 p.
889 3603 904 3655 ⁵
915 3621 968 3674 aeq.
978 3603 1073 3658 dehoc
1085 3607 1142 3658 looo
1155 3605 1339 3679 disputantem.
1353 3609 1450 3658 Piermn

401 3689 429 3739 in
443 3687 566 3741 Verieim.
584 3691 625 3756 11,
639 3692 671 3755 ⁵,
689 3711 748 3764 pag.
771 3699 891 3762 19tseq.
909 3709 1012 3744 vernum
1032 3694 1160 3748 exciditne
1175 3695 1314 3748 arbitretur
1332 3695 1450 3767 repplet,

396 3783 462 3838 ἤλυθ’
489 3782 593 3844 ἄνακτος
622 3793 711 3858 limpor
742 3787 786 3839 tm
812 3786 848 3836 [τ’
871 3774 1003 3848 horte,
1031 3778 1126 3850 hieme
1154 3781 1287 3842 meodian
1308 3779 1451 3858 Ᾰγχιστώς.

400 3863 493 3917 Feciue
514 3867 541 3918 in
559 3869 673 3940 Epistola
691 3870 781 3924 critice
800 3867 937 3940 (Erlangoe
955 3873 1050 3940 1772),
1072 3891 1126 3926 non
1148 3871 1259 3939 vident,
1281 3891 1333 3944 qua
1355 3873 1452 3926 ratione

400 3959 511 4009 Acrrtm
526 3956 601 4011 Peliae
618 3959 704 4025 filius,
722 3961 801 4034 hujus
815 3963 946 4033 ἀγχιστεὺς
959 3959 1010 4014 dici
1023 3965 1122 4037 poerit,
1140 3963 1334 4018 emendandum
1349 3976 1451 4042 censet,

398 4052 465 4107 ἤλυθ’
476 4039 590 4113 decere<
606 4045 710 4126 Ᾰγχιστ’
722 4055 774 4122 ἐῢς,
791 4050 874 4106 antei
892 4060 931 4122 lle
951 4067 1035 4108 metro
1054 4057 1157 4110 obntare
1178 4055 1313 4124 videatur,
1324 4051 1388 4132 ἇγχ·
1407 4059 1451 4120 lde.

399 4131 469 4192 Vide
482 4137 633 4192 criticorum
646 4141 831 4207 diversitatem,
841 4163 920 4215 quum
930 4164 993 4201 vero
1004 4146 1054 4198 nub
1064 4164 1171 4199 examen
1186 4163 1298 4210 vocare,
1309 4166 1364 4200 non
1375 4147 1452 4218 hujus

401 4225 452 4279 loci
464 4239 509 4280 eet.
528 4227 640 4281 iilum.
