3102 5128
363 546 421 614 152
468 545 518 612 IN
546 546 913 612 LIB.SEPT1MUM
941 547 1330 616 ARGONAUTICON

356 659 431 724 Quos
441 659 579 732 Adolphus
591 666 691 714 Dureau
704 663 736 712 de
749 663 860 712 Lamalle
869 657 1032 732 adjudicavit
1040 661 1162 732 Valerio,
1175 664 1256 737 inque
1268 675 1369 718 textum
1380 683 1420 719 re·

358 744 444 816 oepit,
457 756 558 798 mutato
569 745 604 798 sb
616 744 680 798 hinc
692 743 794 798 solenni
805 744 931 799 cilnrntn
942 745 1061 799 versibus
1074 747 1240 818 prolixarum
1251 748 1359 812 ordine,
1372 768 1421 804 uec

357 828 441 881 semel
452 828 505 881 hoe
518 846 573 881 nno
589 828 673 890 libros
690 827 758 882 dnos
770 827 841 881 enim
854 839 976 898 preterea
990 821 1080 881 versus
1093 828 1161 882 inter
1175 832 1226 896 344
1238 842 1264 884 et
1278 832 1328 896 345
1339 832 1422 886 inter·

358 910 459 984 polerit
468 928 475 963 :
489 929 544 982 quo
556 911 598 978 fit,
609 923 639 964 nt
650 911 720 966 illius
731 910 854 966 editionis
865 930 1038 984 possessores,
1048 912 1101 966 slis
1110 912 1188 967 simsrl
1197 913 1318 968 habenda
1330 925 1422 970 oarer'e

357 1011 412 1046 non
424 993 535 1066 possint.

394 1141 429 1194 V.
444 1148 503 1206 ssl.
516 1147 574 1196 Sola
585 1159 633 1196 erae
647 1146 719 1196 walo
731 1146 894 1212 (jampridem
902 1147 1013 1214 ἐμω)
1020 1148 1147 1214 juventa.-

519 1231 615 1280 Gaesera
620 1246 698 1296 pum
707 1230 778 1296 queri
780 1265 787 1288 ,
796 1244 843 1278 neu
854 1247 892 1280 nse
901 1231 1003 1280 meliora
1013 1243 1143 1297 sequutum

518 1317 617 1380 Argus,-
630 1314 718 1380 quippe
729 1313 817 1380 rujam
828 1325 968 1380 repussssaer
977 1330 1080 1364 meam
1092 1313 1185 1374 dim,

519 1398 635 1448 omasus
645 1397 709 1446 luae
715 1397 799 1463 posius
808 1413 958 1447 commeasses
967 1397 1131 1448 animaaslbos
1140 1399 1237 1458 orum,

519 1484 660 1532 &masma
669 1493 694 1531 et
701 1480 772 1530 erede
780 1481 845 1530 dees.

362 1627 373 1650 ι
385 1603 448 1658 lieo
460 1603 621 1676 parenthesis
634 1601 799 1672 (jampridem
814 1604 903 1670 ignava
912 1603 934 1669 ),
950 1600 1038 1673 inquit
1050 1601 1218 1672 Wagnerns,
1230 1599 1422 1655 nossessionesn

359 1685 425 1738 milri
436 1686 571 1740 oentinere
580 1685 684 1738 videtur
693 1681 825 1738 diuturnae
836 1682 978 1738 alnentia:
994 1683 1090 1752 fateor,
1098 1701 1140 1737 me
1149 1685 1227 1737 ninus
1237 1684 1283 1738 diu
1293 1683 1422 1750 abluisse,

359 1768 405 1824 sed
423 1769 542 1846 ignosce,
561 1787 666 1842 queso,
687 1785 760 1822 nnnc
780 1766 828 1820 tibi
850 1786 882 1820 eo
904 1766 1047 1822 studiosius
1068 1785 1175 1840 operam
1197 1766 1304 1822 dature.
1323 1769 1355 1821 In
1371 1768 1422 1822 heo

357 1851 531 1924 explicatione
546 1851 672 1904 dissentio
683 1851 717 1903 sb
731 1849 915 1923 interpretibus
927 1849 1066 1905 omnibus:
1082 1854 1141 1912 Pio,
1157 1851 1203 1923 qui
1213 1855 1332 1920 junnae,
1348 1851 1422 1922 quod

357 1933 425 1988 mihi
449 1933 553 1988 dativus
573 1946 627 1998 est,
651 1953 701 2007 pro
718 1933 832 2005 genitivo
858 1935 926 1987 sumi
948 1933 1053 1998 maluit,
1075 1934 1208 1988 subintell.
1230 1955 1324 1996 caasa,
1349 1935 1422 2009 qnod

358 2018 457 2072 durum
467 2037 476 2082 3
487 2022 602 2080 Heinsio,
612 2019 658 2089 qni
670 2019 754 2072 voluit
765 2021 866 2088 s‘gnara,
880 2017 953 2091 qnod
966 2019 1011 2073 vix
1026 2037 1132 2074 sensum
1148 2019 1265 2092 praeben
1280 2025 1423 2070 nemanso

357 2100 492 2173 denique,
506 2102 549 2154 oui
562 2101 661 2172 placuit
670 2105 819 2170 jampridem
828 2121 923 2170 gaam,
932 2101 1041 2168 melius,
1050 2101 1097 2156 sed
1110 2103 1167 2156 sine
1176 2119 1263 2156 cause.
1277 2101 1306 2155 Si
1317 2118 1422 2155 meeum

357 2201 407 2256 pto
422 2185 587 2239 excusatione
607 2203 712 2250 sumas,
732 2184 832 2257 optime
851 2183 982 2256 quadrant
1004 2185 1160 2257 sequentia:
1180 2185 1282 2238 absenti
1298 2185 1422 2256 ignosoe,

358 2269 405 2323 sed
415 2284 505 2322 eutero
513 2289 603 2338 perse,
619 2269 689 2334 noli,
704 2271 784 2337 queri,
799 2273 846 2320 nea
864 2286 902 2320 ms
921 2271 1024 2320 meliora
1038 2283 1166 2336 sequutum
1183 2276 1274 2338 orgae,
1286 2268 1342 2320 noli
1357 2267 1423 2320 mihi
1479 2263 1481 2268 ’

359 2353 423 2408 vitio
440 2365 542 2408 vertere
555 2352 627 2425 quod
641 2352 744 2419 mitius,
760 2352 914 2406 clementius
926 2353 1019 2405 calum
1033 2352 1199 2423 quasin-im
1216 2355 1369 2420 reputemus(
1379 2369 1423 2404 re·

360 2439 468 2510 putes),
481 2435 630 2490 consideres
641 2453 745 2489 mecum
762 2435 907 2511 beneliesm
923 2434 1034 2488 deorum
1045 2435 1251 2500 institutionem,
1264 2429 1328 2497 luae
1338 2437 1424 2502 potins

360 2525 442 2573 orbem
454 2523 564 2572 omnibus
574 2522 747 2581 animantibus,
758 2519 920 2583 hominibus,
933 2535 1093 2580 communem,
1113 2521 1218 2586 deosque
1235 2521 1306 2569 erede
1316 2537 1425 2570 eommu-

360 2621 411 2657 πει,
421 2629 433 2649 »ι
445 2635 480 2644 -
490 2608 586 2671 Ignara
599 2601 643 2655 hio
656 2601 749 2655 eodem
768 2620 846 2654 sensu
860 2611 911 2668 est,
926 2619 980 2674 quo
996 2619 1092 2673 snpra,
1103 2600 1152 2663 Vl,
1166 2603 1233 2666 486:
1254 2607 1289 2653 l'u
1306 2603 1424 2654 malassis

361 2692 449 2757 igssass
467 2689 543 2760 sedes.
554 2683 872 2756 —Censeolegendnm
886 2703 913 2737 r.
931 2688 999 2737 sati:
1019 2688 1107 2752 qnape
1120 2688 1194 2736 esiam
1211 2699 1360 2752 repesenaer,
1370 2682 1423 2736 hoe

361 2789 438 2825 sensu
450 2788 456 2823 :
470 2789 548 2837 nam,
562 2770 585 2823 si
599 2787 642 2822 me
654 2769 759 2842 arguis,
774 2785 866 2841 argues
879 2769 959 2821 etiam
971 2765 1052 2830 deos,
1065 2785 1114 2820 sua
1127 2767 1205 2820 etism
1220 2766 1270 2820 diis
1281 2767 1423 2839 exprobra·

361 2856 402 2908 bis
414 2874 532 2908 munera.
544 2857 584 2908 De
596 2854 746 2924 temperatis
755 2851 894 2906 sonishssn
903 2852 940 2904 sit
950 2849 1077 2921 Virgilius
1088 2887 1096 2914 ,
1108 2849 1203 2922 Georg.
1217 2851 1241 2912 l,
1255 2851 1321 2919 ²37:

505 3004 761 3020 .................
774 2971 826 3018 dua
836 2969 975 3018 mortalilms
987 2969 1054 3031 egris

502 3051 593 3094 uma
604 3061 718 3094 oonoesse
729 3047 811 3092 elisum

395 3201 429 3252 V.
441 3216 490 3267 ss9
497 3236 713 3253 .............
732 3205 784 3252 Nee
796 3221 855 3261 aes,
867 3222 883 3252 n
896 3216 971 3264 nata,
986 3203 1107 3270 maldram

503 3285 602 3333 Clusers's
615 3284 661 3333 loe
674 3301 722 3333 ano
734 3301 828 3352 senum
837 3288 882 3336 sul
887 3286 987 3354 frigore
999 3285 1095 3335 Flosis.

360 3413 437 3468 Circe
447 3397 527 3466 amita
536 3425 591 3467 erat
601 3411 718 3476 Medea3
729 3411 776 3466 sed
786 3429 844 3466 eam
854 3449 861 3473 ,
870 3387 981 3466 allectus
991 3413 1174 3477 simulatione,
1183 3427 1270 3464 assem
1281 3423 1358 3466 voest
1367 3448 1375 3477 ,
1383 3412 1423 3465 uti

246 3525 253 3530 ·
360 3496 475 3551 vicissim
484 3497 517 3550 ab
526 3495 572 3550 illa
580 3511 659 3548 mater
667 3495 755 3562 audit,
766 3496 852 3562 infra,
862 3515 888 3550 v.
900 3503 961 3559 sla.
972 3528 1007 3536 -
1020 3495 1199 3568 Zinzerlingus
1212 3513 1243 3550 so
1256 3496 1424 3549 Burmannus

358 3582 506 3653 elegantem
519 3580 591 3636 huuc
604 3578 676 3644 verbi
691 3583 788 3632 eludere
805 3598 882 3632 usum
902 3591 1079 3633 notaveruntt
1095 3579 1310 3633 videaturunus
1330 3577 1423 3643 fluvii,

359 3681 426 3736 quos
438 3665 530 3736 finirem
550 3666 654 3714 arbitros
672 3660 738 3715 dicit
753 3662 948 3725 Tertullianus,
967 3663 1102 3735 regiones,
1118 3681 1183 3734 quse
1202 3663 1277 3718 alluit
1293 3662 1424 3736 quisque,

360 3747 474 3819 singulas
496 3744 614 3798 dividere
633 3763 664 3798 ao
682 3747 831 3799 terminare.
849 3743 900 3800 Sed
911 3743 1004 3798 Phasis
1018 3746 1071 3798 hoe
1083 3745 1142 3798 looo
1156 3745 1195 3798 nil
1206 3745 1279 3799 aliud
1292 3755 1331 3798 est
1342 3763 1424 3817 qnam

358 3830 459 3884 Aldina
472 3833 638 3904 conjecturs:
650 3829 754 3884 oodices
768 3849 800 3882 sn
808 3842 909 3883 vetem
921 3827 1050 3884 editiones
1061 3829 1158 3884 habent
1168 3833 1254 3881 mensis
1263 3869 1271 3896 ‚
1280 3829 1327 3902 qni
1336 3840 1427 3901 potest

358 3915 499 3988 explicari,
511 3914 533 3968 si
544 3913 725 3986 capiaturpro
739 3933 824 3974 auso,
837 3916 970 3981 mennam
986 3931 1089 3964 mensem
1107 3913 1253 3966 conicum
1271 3931 1337 3964 anno
1355 3914 1426 3964 tuou-

353 4000 428 4066 fem2
441 3999 673 4070 suprs,111‚s⁵s.
760 4057 763 4064 .

396 4142 431 4193 V.
446 4141 506 4194 ²32.
518 4146 552 4192 Et
561 4161 625 4193 neme
636 4141 740 4192 Ausonii
750 4142 842 4208 conjux
853 4159 898 4208 ego
909 4143 976 4208 regia
987 4143 1043 4191 Pici
1049 4161 1058 4189 :

520 4230 571 4275 Nee
586 4227 646 4276 milli
653 4225 810 4292 flammiferis
822 4221 920 4274 lrorre'nt
930 4225 965 4273 isi
971 4243 1067 4290 pasena
1077 4225 1167 4280 tastris,

519 4312 606 4373 Meque
616 4310 685 4358 vides
700 4309 770 4357 Tusci
782 4308 906 4356 dominam
918 4307 1000 4356 maris.
