<?xml version="1.0" encoding="UTF-8"?>
<!DOCTYPE html PUBLIC "-//W3C//DTD XHTML 1.0 Transitional//EN"
    "http://www.w3.org/TR/xhtml1/DTD/xhtml1-transitional.dtd">
<html xmlns="http://www.w3.org/1999/xhtml" xml:lang="en" lang="en">
 <head>
  <title>
</title>
<meta http-equiv="Content-Type" content="text/html;charset=utf-8" />
  <meta name='ocr-system' content='tesseract 3.04.00' />
  <meta name='ocr-capabilities' content='ocr_page ocr_carea ocr_par ocr_line ocrx_word'/>
</head>
<body>
  <div class='ocr_page' id='page_1' title='image "./cvaleriiflaccis01apolgoog_0106.png"; bbox 0 0 3102 5128; ppageno 0'>
   <div class='ocr_carea' id='block_1_1' title="bbox 341 398 1179 504">
    <p class='ocr_par' dir='ltr' id='par_1_1' title="bbox 341 398 1179 504">
     <span class='ocr_line' id='line_1_1' title="bbox 341 398 1179 504; baseline -0.011 -33"><span class='ocrx_word' id='word_1_1' title='bbox 341 399 731 471; x_wconf 74' lang='lat' dir='ltr'><strong>AnuouAunnon</strong></span> <span class='ocrx_word' id='word_1_2' title='bbox 761 398 845 464; x_wconf 82' lang='lat' dir='ltr'><strong>ms.</strong></span> <span class='ocrx_word' id='word_1_3' title='bbox 872 401 952 504; x_wconf 76' lang='lat' dir='ltr'><strong>v11.¹</strong></span> <span class='ocrx_word' id='word_1_4' title='bbox 1137 429 1179 494; x_wconf 79' lang='lat'><strong>97</strong></span> 
     </span>
    </p>
   </div>
   <div class='ocr_carea' id='block_1_2' title="bbox 163 534 1180 1207">
    <p class='ocr_par' dir='ltr' id='par_1_2' title="bbox 163 534 1180 747">
     <span class='ocr_line' id='line_1_2' title="bbox 163 534 1180 624; baseline -0.015 -16"><span class='ocrx_word' id='word_1_5' title='bbox 163 541 298 612; x_wconf 74' lang='lat' dir='ltr'><strong>Graecia?</strong></span> <span class='ocrx_word' id='word_1_6' title='bbox 314 537 491 624; x_wconf 86' lang='lat' dir='ltr'><strong>Quodnam</strong></span> <span class='ocrx_word' id='word_1_7' title='bbox 507 534 679 599; x_wconf 87' lang='lat' dir='ltr'><strong>hominum</strong></span> <span class='ocrx_word' id='word_1_8' title='bbox 696 555 794 597; x_wconf 88' lang='lat' dir='ltr'><strong>cerno</strong></span> <span class='ocrx_word' id='word_1_9' title='bbox 805 551 907 622; x_wconf 86' lang='lat' dir='ltr'><strong>genus</strong></span> <span class='ocrx_word' id='word_1_10' title='bbox 917 535 995 602; x_wconf 68' lang='lat' dir='ltr'><strong>iant</strong></span> <span class='ocrx_word' id='word_1_11' title='bbox 1005 537 1062 602; x_wconf 87' lang='lat' dir='ltr'><strong>uhi</strong></span> <span class='ocrx_word' id='word_1_12' title='bbox 1073 556 1180 605; x_wconf 72' lang='lat' dir='ltr'><strong>cautes</strong></span> 
     </span>
     <span class='ocr_line' id='line_1_3' title="bbox 164 648 917 747; baseline -0.013 -25"><span class='ocrx_word' id='word_1_13' title='bbox 164 655 318 747; x_wconf 73' lang='lat' dir='ltr'><strong>Cyaneas?</strong></span> <span class='ocrx_word' id='word_1_14' title='bbox 328 654 418 720; x_wconf 85' lang='lat' dir='ltr'><strong>venit</strong></span> <span class='ocrx_word' id='word_1_15' title='bbox 428 649 591 738; x_wconf 80' lang='lat' dir='ltr'><strong>Scythicas</strong></span> <span class='ocrx_word' id='word_1_16' title='bbox 604 670 644 711; x_wconf 91' lang='lat' dir='ltr'><strong>en</strong></span> <span class='ocrx_word' id='word_1_17' title='bbox 657 648 773 736; x_wconf 83' lang='lat' dir='ltr'>hospes</span> <span class='ocrx_word' id='word_1_18' title='bbox 787 648 819 710; x_wconf 89' lang='lat' dir='ltr'><strong>in</strong></span> <span class='ocrx_word' id='word_1_19' title='bbox 833 670 917 712; x_wconf 86' lang='lat' dir='ltr'><strong>oras.</strong></span> 
     </span>
    </p>

    <p class='ocr_par' dir='ltr' id='par_1_3' title="bbox 164 760 1061 968">
     <span class='ocr_line' id='line_1_4' title="bbox 165 760 1061 860; baseline -0.01 -25"><span class='ocrx_word' id='word_1_20' title='bbox 165 770 406 860; x_wconf 84' lang='lat' dir='ltr'><strong>Quinquaginta</strong></span> <span class='ocrx_word' id='word_1_21' title='bbox 417 766 524 832; x_wconf 81' lang='lat' dir='ltr'><strong>Asiam</strong></span> <span class='ocrx_word' id='word_1_22' title='bbox 535 760 657 851; x_wconf 90' lang='lat' dir='ltr'><strong>(pudet</strong></span> <span class='ocrx_word' id='word_1_23' title='bbox 668 761 749 824; x_wconf 89' lang='lat' dir='ltr'><strong>heu!</strong></span> <span class='ocrx_word' id='word_1_24' title='bbox 759 761 771 847; x_wconf 86' lang='lat'><em>)</em></span> <span class='ocrx_word' id='word_1_25' title='bbox 783 762 957 848; x_wconf 84' lang='lat' dir='ltr'><strong>penetrarit</strong></span> <span class='ocrx_word' id='word_1_26' title='bbox 966 764 1061 828; x_wconf 89' lang='lat' dir='ltr'><strong>Iason</strong></span> 
     </span>
     <span class='ocr_line' id='line_1_5' title="bbox 164 875 979 968; baseline -0.009 -20"><span class='ocrx_word' id='word_1_27' title='bbox 164 883 348 948; x_wconf 83' lang='lat' dir='ltr'><strong>Exsulibus!</strong></span> <span class='ocrx_word' id='word_1_28' title='bbox 366 901 484 968; x_wconf 89' lang='lat' dir='ltr'><strong>meque</strong></span> <span class='ocrx_word' id='word_1_29' title='bbox 494 893 570 942; x_wconf 83' lang='lat' dir='ltr'><strong>ante</strong></span> <span class='ocrx_word' id='word_1_30' title='bbox 583 875 661 940; x_wconf 89' lang='lat' dir='ltr'><strong>alios</strong></span> <span class='ocrx_word' id='word_1_31' title='bbox 672 875 718 938; x_wconf 88' lang='lat' dir='ltr'><strong>sie</strong></span> <span class='ocrx_word' id='word_1_32' title='bbox 729 877 979 963; x_wconf 86' lang='lat' dir='ltr'><strong>spreverituna,</strong></span> 
     </span>
    </p>

    <p class='ocr_par' dir='ltr' id='par_1_4' title="bbox 165 987 936 1082">
     <span class='ocr_line' id='line_1_6' title="bbox 165 987 936 1082; baseline -0.019 -15"><span class='ocrx_word' id='word_1_33' title='bbox 165 1002 234 1066; x_wconf 83' lang='lat' dir='ltr'><strong>Una</strong></span> <span class='ocrx_word' id='word_1_34' title='bbox 245 1000 337 1077; x_wconf 89' lang='lat' dir='ltr'><strong>ratis,</strong></span> <span class='ocrx_word' id='word_1_35' title='bbox 351 995 490 1082; x_wconf 89' lang='lat' dir='ltr'><strong>spolium</strong></span> <span class='ocrx_word' id='word_1_36' title='bbox 506 1007 541 1054; x_wconf 92' lang='lat' dir='ltr'><strong>ut</strong></span> <span class='ocrx_word' id='word_1_37' title='bbox 551 991 625 1054; x_wconf 84' lang='lat' dir='ltr'><strong>vivo</strong></span> <span class='ocrx_word' id='word_1_38' title='bbox 636 987 678 1053; x_wconf 92' lang='lat' dir='ltr'><strong>de</strong></span> <span class='ocrx_word' id='word_1_39' title='bbox 693 1011 768 1076; x_wconf 85' lang='lat' dir='ltr'><strong>rege</strong></span> <span class='ocrx_word' id='word_1_40' title='bbox 780 993 936 1076; x_wconf 82' lang='lat' dir='ltr'>reportet!</span> 
     </span>
    </p>

    <p class='ocr_par' dir='ltr' id='par_1_5' title="bbox 164 1100 964 1207">
     <span class='ocr_line' id='line_1_7' title="bbox 164 1100 964 1207; baseline -0.02 -26"><span class='ocrx_word' id='word_1_41' title='bbox 164 1118 274 1207; x_wconf 86' lang='lat' dir='ltr'><strong>Ipsum</strong></span> <span class='ocrx_word' id='word_1_42' title='bbox 285 1107 421 1189; x_wconf 75' lang='lat' dir='ltr'><strong>efferre,</strong></span> <span class='ocrx_word' id='word_1_43' title='bbox 433 1127 523 1171; x_wconf 85' lang='lat' dir='ltr'><strong>meos</strong></span> <span class='ocrx_word' id='word_1_44' title='bbox 538 1106 644 1192; x_wconf 89' lang='lat' dir='ltr'><strong>ipsum</strong></span> <span class='ocrx_word' id='word_1_45' title='bbox 657 1125 709 1166; x_wconf 86' lang='lat' dir='ltr'><strong>me</strong></span> <span class='ocrx_word' id='word_1_46' title='bbox 720 1100 862 1190; x_wconf 87' lang='lat' dir='ltr'><strong>pandere</strong></span> <span class='ocrx_word' id='word_1_47' title='bbox 875 1104 964 1166; x_wconf 86' lang='lat' dir='ltr'><strong>tucos</strong></span> 
     </span>
    </p>
   </div>
   <div class='ocr_carea' id='block_1_3' title="bbox 165 1216 972 1430">
    <p class='ocr_par' dir='ltr' id='par_1_6' title="bbox 165 1216 972 1430">
     <span class='ocr_line' id='line_1_8' title="bbox 165 1216 972 1320; baseline -0.021 -25"><span class='ocrx_word' id='word_1_48' title='bbox 165 1233 322 1320; x_wconf 83' lang='lat' dir='ltr'><strong>Imperet,</strong></span> <span class='ocrx_word' id='word_1_49' title='bbox 334 1241 367 1290; x_wconf 89' lang='lat' dir='ltr'><strong>et</strong></span> <span class='ocrx_word' id='word_1_50' title='bbox 378 1223 469 1288; x_wconf 88' lang='lat' dir='ltr'><strong>nullo</strong></span> <span class='ocrx_word' id='word_1_51' title='bbox 481 1219 634 1310; x_wconf 81' lang='lat' dir='ltr'><strong>dignetur</strong></span> <span class='ocrx_word' id='word_1_52' title='bbox 643 1216 772 1280; x_wconf 85' lang='lat' dir='ltr'><strong>vincere</strong></span> <span class='ocrx_word' id='word_1_53' title='bbox 785 1216 888 1280; x_wconf 87' lang='lat' dir='ltr'><strong>bello!</strong></span> <span class='ocrx_word' id='word_1_54' title='bbox 971 1230 972 1238; x_wconf 76' lang='grc'>’</span> 
     </span>
     <span class='ocr_line' id='line_1_9' title="bbox 165 1328 923 1430; baseline -0.021 -22"><span class='ocrx_word' id='word_1_55' title='bbox 165 1346 246 1422; x_wconf 87' lang='lat' dir='ltr'><strong>Cur,</strong></span> <span class='ocrx_word' id='word_1_56' title='bbox 257 1363 330 1430; x_wconf 89' lang='lat' dir='ltr'><strong>age,</strong></span> <span class='ocrx_word' id='word_1_57' title='bbox 343 1360 409 1402; x_wconf 91' lang='lat' dir='ltr'><strong>non</strong></span> <span class='ocrx_word' id='word_1_58' title='bbox 423 1333 550 1422; x_wconf 88' lang='lat' dir='ltr'><strong>templis</strong></span> <span class='ocrx_word' id='word_1_59' title='bbox 560 1345 680 1396; x_wconf 86' lang='lat' dir='ltr'><strong>sacrata</strong></span> <span class='ocrx_word' id='word_1_60' title='bbox 691 1329 825 1393; x_wconf 86' lang='lat' dir='ltr'><strong>avellere</strong></span> <span class='ocrx_word' id='word_1_61' title='bbox 836 1328 923 1393; x_wconf 92' lang='lat' dir='ltr'><strong>dona</strong></span> 
     </span>
    </p>
   </div>
   <div class='ocr_carea' id='block_1_4' title="bbox 166 1441 1186 1650">
    <p class='ocr_par' dir='ltr' id='par_1_7' title="bbox 166 1441 1186 1650">
     <span class='ocr_line' id='line_1_10' title="bbox 167 1441 979 1539; baseline -0.02 -16"><span class='ocrx_word' id='word_1_62' title='bbox 167 1457 347 1534; x_wconf 79' lang='lat' dir='ltr'><strong>Omnibus,</strong></span> <span class='ocrx_word' id='word_1_63' title='bbox 357 1469 456 1539; x_wconf 89' lang='lat' dir='ltr'><strong>atque</strong></span> <span class='ocrx_word' id='word_1_64' title='bbox 468 1450 552 1538; x_wconf 85' lang='lat' dir='ltr'><strong>ipsas</strong></span> <span class='ocrx_word' id='word_1_65' title='bbox 563 1445 692 1535; x_wconf 82' lang='lat' dir='ltr'><strong>gremiis</strong></span> <span class='ocrx_word' id='word_1_66' title='bbox 702 1441 863 1508; x_wconf 87' lang='lat' dir='ltr'><strong>abducere</strong></span> <span class='ocrx_word' id='word_1_67' title='bbox 873 1461 979 1524; x_wconf 82' lang='lat' dir='ltr'><strong>natas,</strong></span> 
     </span>
     <span class='ocr_line' id='line_1_11' title="bbox 166 1557 1186 1650; baseline -0.022 -12"><span class='ocrx_word' id='word_1_68' title='bbox 166 1557 849 1650; x_wconf 81' lang='lat' dir='ltr'><strong>Praedo‚libeti¹vobisuedomos‚vobisne</strong></span> <span class='ocrx_word' id='word_1_69' title='bbox 865 1574 1013 1644; x_wconf 87' lang='lat' dir='ltr'><strong>parentes</strong></span> <span class='ocrx_word' id='word_1_70' title='bbox 1161 1581 1186 1618; x_wconf 72' lang='lat' dir='ltr'><strong>n.</strong></span> 
     </span>
    </p>
   </div>
   <div class='ocr_carea' id='block_1_5' title="bbox 127 1767 1186 1926">
    <p class='ocr_par' dir='ltr' id='par_1_8' title="bbox 127 1767 1186 1926">
     <span class='ocr_line' id='line_1_12' title="bbox 154 1767 1185 1840; baseline -0.012 -16"><span class='ocrx_word' id='word_1_71' title='bbox 154 1792 191 1840; x_wconf 63' lang='lat'><strong>41.</strong></span> <span class='ocrx_word' id='word_1_72' title='bbox 210 1779 336 1840; x_wconf 64' lang='lat' dir='ltr'><strong>Quodam.</strong></span> <span class='ocrx_word' id='word_1_73' title='bbox 349 1774 425 1820; x_wconf 72' lang='lat' dir='ltr'><strong>vatic.</strong></span> <span class='ocrx_word' id='word_1_74' title='bbox 435 1782 459 1818; x_wconf 91' lang='lat' dir='ltr'><strong>et</strong></span> <span class='ocrx_word' id='word_1_75' title='bbox 471 1774 561 1818; x_wconf 80' lang='lat' dir='ltr'><strong>Borion.</strong></span> <span class='ocrx_word' id='word_1_76' title='bbox 577 1767 647 1814; x_wconf 85' lang='lat' dir='ltr'><strong>codd.</strong></span> <span class='ocrx_word' id='word_1_77' title='bbox 662 1769 752 1828; x_wconf 77' lang='lat' dir='ltr'><strong>Botion.</strong></span> <span class='ocrx_word' id='word_1_78' title='bbox 769 1769 787 1813; x_wconf 87' lang='lat'><strong>1.</strong></span> <span class='ocrx_word' id='word_1_79' title='bbox 802 1793 832 1801; x_wconf 96' lang='lat'>—</span> <span class='ocrx_word' id='word_1_80' title='bbox 850 1767 889 1822; x_wconf 79' lang='lat'><strong>43.</strong></span> <span class='ocrx_word' id='word_1_81' title='bbox 901 1768 1041 1820; x_wconf 79' lang='lat' dir='ltr'><strong>Penetmvit,</strong></span> <span class='ocrx_word' id='word_1_82' title='bbox 1058 1777 1081 1814; x_wconf 89' lang='lat' dir='ltr'><strong>et</strong></span> <span class='ocrx_word' id='word_1_83' title='bbox 1091 1783 1124 1812; x_wconf 80' lang='lat' dir='ltr'><strong>vs.</strong></span> <span class='ocrx_word' id='word_1_84' title='bbox 1136 1783 1185 1830; x_wconf 81' lang='lat' dir='ltr'><strong>req.</strong></span> 
     </span>
     <span class='ocr_line' id='line_1_13' title="bbox 127 1845 1186 1926; baseline -0.01 -22"><span class='ocrx_word' id='word_1_85' title='bbox 127 1863 269 1926; x_wconf 60' lang='lat' dir='ltr'><strong>mys-mr.</strong></span> <span class='ocrx_word' id='word_1_86' title='bbox 281 1858 347 1904; x_wconf 78' lang='lat' dir='ltr'><strong>carr.</strong></span> <span class='ocrx_word' id='word_1_87' title='bbox 360 1856 392 1900; x_wconf 86' lang='grc' dir='ltr'><strong>ΙΙ.</strong></span> <span class='ocrx_word' id='word_1_88' title='bbox 408 1878 439 1889; x_wconf 88' lang='lat'><em>-</em></span> <span class='ocrx_word' id='word_1_89' title='bbox 453 1851 490 1906; x_wconf 71' lang='grc'><strong>45.</strong></span> <span class='ocrx_word' id='word_1_90' title='bbox 510 1851 539 1896; x_wconf 86' lang='lat' dir='ltr'><strong>Ut</strong></span> <span class='ocrx_word' id='word_1_91' title='bbox 553 1851 624 1894; x_wconf 76' lang='lat' dir='ltr'><strong>luno.</strong></span> <span class='ocrx_word' id='word_1_92' title='bbox 634 1849 724 1892; x_wconf 79' lang='lat' dir='ltr'><strong>Botion.</strong></span> <span class='ocrx_word' id='word_1_93' title='bbox 736 1845 789 1891; x_wconf 87' lang='lat' dir='ltr'><strong>eod.</strong></span> <span class='ocrx_word' id='word_1_94' title='bbox 805 1847 895 1892; x_wconf 73' lang='lat' dir='ltr'><strong>nonen</strong></span> <span class='ocrx_word' id='word_1_95' title='bbox 912 1847 930 1892; x_wconf 89' lang='lat'><strong>1.</strong></span> <span class='ocrx_word' id='word_1_96' title='bbox 949 1849 1014 1892; x_wconf 75' lang='lat' dir='ltr'><strong>lunt.</strong></span> <span class='ocrx_word' id='word_1_97' title='bbox 1032 1847 1084 1892; x_wconf 81' lang='lat' dir='ltr'><strong>Atd.</strong></span> <span class='ocrx_word' id='word_1_98' title='bbox 1097 1850 1186 1894; x_wconf 83' lang='lat' dir='ltr'><strong>Vetnst</strong></span> 
     </span>
    </p>
   </div>
   <div class='ocr_carea' id='block_1_6' title="bbox 128 1925 1188 2080">
    <p class='ocr_par' dir='ltr' id='par_1_9' title="bbox 128 1925 1188 2080">
     <span class='ocr_line' id='line_1_14' title="bbox 129 1925 1188 1996; baseline -0.017 -5"><span class='ocrx_word' id='word_1_99' title='bbox 129 1940 267 1990; x_wconf 73' lang='lat' dir='ltr'><strong>tuitiensis.</strong></span> <span class='ocrx_word' id='word_1_100' title='bbox 285 1963 316 1974; x_wconf 92' lang='grc'>-</span> <span class='ocrx_word' id='word_1_101' title='bbox 334 1937 373 1992; x_wconf 71' lang='grc'><strong>46.</strong></span> <span class='ocrx_word' id='word_1_102' title='bbox 392 1933 490 1996; x_wconf 74' lang='lat' dir='ltr'><strong>Offlm.</strong></span> <span class='ocrx_word' id='word_1_103' title='bbox 508 1928 583 1976; x_wconf 75' lang='lat' dir='ltr'><strong>Vatia.</strong></span> <span class='ocrx_word' id='word_1_104' title='bbox 601 1929 691 1974; x_wconf 84' lang='lat' dir='ltr'><strong>Bonon.</strong></span> <span class='ocrx_word' id='word_1_105' title='bbox 708 1925 778 1972; x_wconf 85' lang='lat' dir='ltr'>codd.</span> <span class='ocrx_word' id='word_1_106' title='bbox 796 1928 884 1972; x_wconf 86' lang='lat' dir='ltr'><strong>Bonon.</strong></span> <span class='ocrx_word' id='word_1_107' title='bbox 905 1926 916 1971; x_wconf 90' lang='lat'>1</span> <span class='ocrx_word' id='word_1_108' title='bbox 934 1934 957 1972; x_wconf 87' lang='lat' dir='ltr'><strong>et</strong></span> <span class='ocrx_word' id='word_1_109' title='bbox 975 1927 1007 1972; x_wconf 89' lang='lat' dir='ltr'><strong>u.</strong></span> <span class='ocrx_word' id='word_1_110' title='bbox 1024 1929 1064 1972; x_wconf 80' lang='lat' dir='ltr'><strong>Me</strong></span> <span class='ocrx_word' id='word_1_111' title='bbox 1083 1927 1149 1974; x_wconf 82' lang='lat' dir='ltr'><strong>deest</strong></span> <span class='ocrx_word' id='word_1_112' title='bbox 1164 1927 1188 1973; x_wconf 87' lang='lat' dir='ltr'><strong>in</strong></span> 
     </span>
     <span class='ocr_line' id='line_1_15' title="bbox 128 2005 1187 2080; baseline -0.019 -8"><span class='ocrx_word' id='word_1_113' title='bbox 128 2023 198 2072; x_wconf 78' lang='lat' dir='ltr'><strong>Vrtie.</strong></span> <span class='ocrx_word' id='word_1_114' title='bbox 213 2021 267 2068; x_wconf 84' lang='lat' dir='ltr'><strong>eod.</strong></span> <span class='ocrx_word' id='word_1_115' title='bbox 281 2022 361 2080; x_wconf 79' lang='lat' dir='ltr'><strong>Ipsum</strong></span> <span class='ocrx_word' id='word_1_116' title='bbox 372 2029 431 2060; x_wconf 75' lang='lat' dir='ltr'><strong>nene</strong></span> <span class='ocrx_word' id='word_1_117' title='bbox 438 2011 547 2076; x_wconf 75' lang='lat' dir='ltr'><strong>pandere.</strong></span> <span class='ocrx_word' id='word_1_118' title='bbox 564 2011 653 2055; x_wconf 87' lang='lat' dir='ltr'><strong>Bouon.</strong></span> <span class='ocrx_word' id='word_1_119' title='bbox 668 2005 720 2054; x_wconf 87' lang='lat' dir='ltr'><strong>cod.</strong></span> <span class='ocrx_word' id='word_1_120' title='bbox 737 2009 812 2068; x_wconf 76' lang='lat' dir='ltr'><strong>Atque</strong></span> <span class='ocrx_word' id='word_1_121' title='bbox 824 2008 897 2068; x_wconf 79' lang='lat' dir='ltr'><strong>iprum</strong></span> <span class='ocrx_word' id='word_1_122' title='bbox 905 2006 1015 2068; x_wconf 78' lang='lat' dir='ltr'><strong>pandere.</strong></span> <span class='ocrx_word' id='word_1_123' title='bbox 1027 2009 1090 2052; x_wconf 79' lang='lat' dir='ltr'><strong>inat</strong></span> <span class='ocrx_word' id='word_1_124' title='bbox 1103 2009 1187 2054; x_wconf 74' lang='lat' dir='ltr'><strong>Moser.</strong></span> 
     </span>
    </p>
   </div>
   <div class='ocr_carea' id='block_1_7' title="bbox 129 2099 351 2176">
    <p class='ocr_par' dir='ltr' id='par_1_10' title="bbox 129 2099 351 2176">
     <span class='ocr_line' id='line_1_16' title="bbox 129 2099 351 2176; baseline -0.027 -28"><span class='ocrx_word' id='word_1_125' title='bbox 129 2104 178 2152; x_wconf 71' lang='lat' dir='ltr'><strong>nn</strong></span> <span class='ocrx_word' id='word_1_126' title='bbox 191 2103 291 2176; x_wconf 77' lang='lat' dir='ltr'><strong>Eegeut.</strong></span> <span class='ocrx_word' id='word_1_127' title='bbox 307 2099 351 2144; x_wconf 78' lang='lat' dir='ltr'><strong>Eu.</strong></span> 
     </span>
    </p>
   </div>
   <div class='ocr_carea' id='block_1_8' title="bbox 130 2257 1231 4248">
    <p class='ocr_par' dir='ltr' id='par_1_11' title="bbox 130 2257 1192 2740">
     <span class='ocr_line' id='line_1_17' title="bbox 131 2257 1189 2347; baseline -0.013 -23"><span class='ocrx_word' id='word_1_128' title='bbox 131 2292 203 2347; x_wconf 80' lang='lat' dir='ltr'><strong>supra</strong></span> <span class='ocrx_word' id='word_1_129' title='bbox 214 2272 251 2334; x_wconf 85' lang='lat' dir='ltr'><strong>V,</strong></span> <span class='ocrx_word' id='word_1_130' title='bbox 267 2269 319 2341; x_wconf 70' lang='lat'><strong>475</strong></span> <span class='ocrx_word' id='word_1_131' title='bbox 335 2265 518 2339; x_wconf 78' lang='lat' dir='ltr'><strong>sq.),Petian‚</strong></span> <span class='ocrx_word' id='word_1_132' title='bbox 532 2263 636 2313; x_wconf 75' lang='lat' dir='ltr'><strong>rtessn-</strong></span> <span class='ocrx_word' id='word_1_133' title='bbox 716 2259 758 2320; x_wconf 76' lang='grc'><strong>48.</strong></span> <span class='ocrx_word' id='word_1_134' title='bbox 777 2261 846 2324; x_wconf 81' lang='lat' dir='ltr'><strong>Age,</strong></span> <span class='ocrx_word' id='word_1_135' title='bbox 855 2261 943 2324; x_wconf 74' lang='lat' dir='ltr'><strong>prado</strong></span> <span class='ocrx_word' id='word_1_136' title='bbox 955 2258 1028 2328; x_wconf 82' lang='lat' dir='ltr'><strong>(jam</strong></span> <span class='ocrx_word' id='word_1_137' title='bbox 1047 2257 1189 2310; x_wconf 78' lang='lat' dir='ltr'><strong>conviciari</strong></span> 
     </span>
     <span class='ocr_line' id='line_1_18' title="bbox 130 2335 1190 2416; baseline -0.015 -12"><span class='ocrx_word' id='word_1_138' title='bbox 130 2359 200 2414; x_wconf 72' lang='grc' dir='ltr'><strong>Ιίωι,</strong></span> <span class='ocrx_word' id='word_1_139' title='bbox 213 2355 343 2416; x_wconf 77' lang='lat' dir='ltr'><strong>Cyaneas,</strong></span> <span class='ocrx_word' id='word_1_140' title='bbox 356 2347 486 2401; x_wconf 75' lang='lat' dir='ltr'><strong>Gratiam,</strong></span> <span class='ocrx_word' id='word_1_141' title='bbox 507 2340 569 2393; x_wconf 79' lang='lat' dir='ltr'><strong>ficta</strong></span> <span class='ocrx_word' id='word_1_142' title='bbox 580 2357 636 2391; x_wconf 88' lang='lat' dir='ltr'><strong>ont·</strong></span> <span class='ocrx_word' id='word_1_143' title='bbox 680 2335 811 2408; x_wconf 83' lang='lat' dir='ltr'><strong>incipit),</strong></span> <span class='ocrx_word' id='word_1_144' title='bbox 834 2357 878 2387; x_wconf 84' lang='lat' dir='ltr'><strong>cur</strong></span> <span class='ocrx_word' id='word_1_145' title='bbox 902 2356 951 2387; x_wconf 84' lang='lat' dir='ltr'><strong>nou</strong></span> <span class='ocrx_word' id='word_1_146' title='bbox 978 2341 1071 2405; x_wconf 80' lang='lat' dir='ltr'><strong>templis</strong></span> <span class='ocrx_word' id='word_1_147' title='bbox 1091 2353 1190 2388; x_wconf 80' lang='lat' dir='ltr'><strong>sacrato</strong></span> 
     </span>
     <span class='ocr_line' id='line_1_19' title="bbox 130 2413 1192 2498; baseline -0.016 -11"><span class='ocrx_word' id='word_1_148' title='bbox 130 2435 171 2486; x_wconf 79' lang='lat' dir='ltr'><strong>nia</strong></span> <span class='ocrx_word' id='word_1_149' title='bbox 181 2423 188 2486; x_wconf 79' lang='grc' dir='ltr'>Ξ</span> <span class='ocrx_word' id='word_1_150' title='bbox 199 2431 232 2484; x_wconf 75' lang='lat' dir='ltr'><strong>sd</strong></span> <span class='ocrx_word' id='word_1_151' title='bbox 243 2438 426 2498; x_wconf 86' lang='lat' dir='ltr'><strong>contemptum</strong></span> <span class='ocrx_word' id='word_1_152' title='bbox 435 2418 637 2495; x_wconf 84' lang='lat' dir='ltr'><strong>exprimendum</strong></span> <span class='ocrx_word' id='word_1_153' title='bbox 681 2422 786 2470; x_wconf 70' lang='lat' dir='ltr'><strong>avellere</strong></span> <span class='ocrx_word' id='word_1_154' title='bbox 795 2421 879 2476; x_wconf 83' lang='lat' dir='ltr'><strong>donn,</strong></span> <span class='ocrx_word' id='word_1_155' title='bbox 890 2413 997 2469; x_wconf 81' lang='lat' dir='ltr'><strong>donaria</strong></span> <span class='ocrx_word' id='word_1_156' title='bbox 1009 2456 1016 2481; x_wconf 89' lang='lat'>,</span> <span class='ocrx_word' id='word_1_157' title='bbox 1028 2419 1192 2490; x_wconf 68' lang='grc' dir='ltr'><strong>ἀναθήματα,</strong></span> 
     </span>
     <span class='ocr_line' id='line_1_20' title="bbox 131 2498 1189 2586; baseline -0.02 -19"><span class='ocrx_word' id='word_1_158' title='bbox 131 2514 248 2586; x_wconf 80' lang='lat' dir='ltr'><strong>ignorare</strong></span> <span class='ocrx_word' id='word_1_159' title='bbox 268 2510 387 2572; x_wconf 73' lang='lat' dir='ltr'><strong>simulet,</strong></span> <span class='ocrx_word' id='word_1_160' title='bbox 408 2525 467 2580; x_wconf 74' lang='lat' dir='ltr'><strong>qum</strong></span> <span class='ocrx_word' id='word_1_161' title='bbox 489 2505 558 2558; x_wconf 81' lang='lat' dir='ltr'><strong>berre</strong></span> <span class='ocrx_word' id='word_1_162' title='bbox 576 2513 637 2554; x_wconf 84' lang='lat' dir='ltr'><strong>nota</strong></span> <span class='ocrx_word' id='word_1_163' title='bbox 682 2501 803 2556; x_wconf 77' lang='lat' dir='ltr'><strong>omuibus,</strong></span> <span class='ocrx_word' id='word_1_164' title='bbox 817 2511 892 2564; x_wconf 82' lang='lat' dir='ltr'><strong>atque</strong></span> <span class='ocrx_word' id='word_1_165' title='bbox 907 2499 973 2563; x_wconf 78' lang='lat' dir='ltr'><strong>ipsas</strong></span> <span class='ocrx_word' id='word_1_166' title='bbox 985 2498 1085 2564; x_wconf 80' lang='lat' dir='ltr'><strong>gremiis</strong></span> <span class='ocrx_word' id='word_1_167' title='bbox 1097 2514 1189 2567; x_wconf 85' lang='lat' dir='ltr'><strong>paren·</strong></span> 
     </span>
     <span class='ocr_line' id='line_1_21' title="bbox 131 2576 1191 2654; baseline -0.02 -5"><span class='ocrx_word' id='word_1_168' title='bbox 131 2613 183 2648; x_wconf 72' lang='lat' dir='ltr'><strong>nte</strong></span> <span class='ocrx_word' id='word_1_169' title='bbox 204 2591 344 2646; x_wconf 80' lang='lat' dir='ltr'><strong>debebant.</strong></span> <span class='ocrx_word' id='word_1_170' title='bbox 364 2590 494 2654; x_wconf 78' lang='lat' dir='ltr'><strong>Quodnam</strong></span> <span class='ocrx_word' id='word_1_171' title='bbox 515 2585 636 2635; x_wconf 75' lang='lat' dir='ltr'><strong>hominurn</strong></span> <span class='ocrx_word' id='word_1_172' title='bbox 682 2589 738 2630; x_wconf 89' lang='lat' dir='ltr'><strong>turn</strong></span> <span class='ocrx_word' id='word_1_173' title='bbox 752 2581 872 2628; x_wconf 71' lang='lat' dir='ltr'><strong>aidum</strong></span> <span class='ocrx_word' id='word_1_174' title='bbox 885 2589 958 2626; x_wconf 81' lang='lat' dir='ltr'><strong>natat</strong></span> <span class='ocrx_word' id='word_1_175' title='bbox 971 2578 1057 2627; x_wconf 72' lang='lat' dir='ltr'><strong>Iubet?</strong></span> <span class='ocrx_word' id='word_1_176' title='bbox 1071 2576 1116 2642; x_wconf 85' lang='lat' dir='ltr'><strong>(at</strong></span> <span class='ocrx_word' id='word_1_177' title='bbox 1131 2594 1191 2628; x_wconf 86' lang='lat' dir='ltr'><strong>mox</strong></span> 
     </span>
     <span class='ocr_line' id='line_1_22' title="bbox 131 2657 805 2740; baseline -0.031 -12"><span class='ocrx_word' id='word_1_178' title='bbox 131 2679 172 2740; x_wconf 75' lang='lat' dir='ltr'><strong>(et</strong></span> <span class='ocrx_word' id='word_1_179' title='bbox 185 2673 237 2725; x_wconf 86' lang='lat' dir='ltr'><strong>boc</strong></span> <span class='ocrx_word' id='word_1_180' title='bbox 250 2665 439 2739; x_wconf 83' lang='lat' dir='ltr'><strong>contemptim)</strong></span> <span class='ocrx_word' id='word_1_181' title='bbox 453 2683 527 2716; x_wconf 81' lang='lat' dir='ltr'><strong>cerno</strong></span> <span class='ocrx_word' id='word_1_182' title='bbox 538 2668 637 2730; x_wconf 71' lang='lat' dir='ltr'><strong>genus?</strong></span> <span class='ocrx_word' id='word_1_183' title='bbox 681 2657 805 2723; x_wconf 86' lang='lat' dir='ltr'><strong>iubebit).</strong></span> 
     </span>
    </p>

    <p class='ocr_par' dir='ltr' id='par_1_12' title="bbox 131 2743 1231 3534">
     <span class='ocr_line' id='line_1_23' title="bbox 163 2743 1190 2818; baseline -0.007 -18"><span class='ocrx_word' id='word_1_184' title='bbox 163 2753 206 2818; x_wconf 69' lang='grc'><strong>43,</strong></span> <span class='ocrx_word' id='word_1_185' title='bbox 230 2749 418 2818; x_wconf 77' lang='lat' dir='ltr'><strong>Quinquaginta</strong></span> <span class='ocrx_word' id='word_1_186' title='bbox 440 2748 525 2796; x_wconf 80' lang='lat' dir='ltr'><strong>Asiam</strong></span> <span class='ocrx_word' id='word_1_187' title='bbox 546 2744 556 2810; x_wconf 91' lang='lat'><strong>(</strong></span> <span class='ocrx_word' id='word_1_188' title='bbox 561 2743 639 2809; x_wconf 75' lang='lat' dir='ltr'><strong>pudet</strong></span> <span class='ocrx_word' id='word_1_189' title='bbox 718 2745 759 2796; x_wconf 82' lang='lat'><strong>50.</strong></span> <span class='ocrx_word' id='word_1_190' title='bbox 789 2745 893 2794; x_wconf 74' lang='lat' dir='ltr'><strong>l&#39;obisne</strong></span> <span class='ocrx_word' id='word_1_191' title='bbox 916 2747 1000 2793; x_wconf 82' lang='lat' dir='ltr'><strong>domos</strong></span> <span class='ocrx_word' id='word_1_192' title='bbox 1021 2761 1074 2793; x_wconf 83' lang='lat' dir='ltr'><strong>esse</strong></span> <span class='ocrx_word' id='word_1_193' title='bbox 1092 2757 1190 2810; x_wconf 84' lang='lat' dir='ltr'><strong>putem,</strong></span> 
     </span>
     <span class='ocr_line' id='line_1_24' title="bbox 131 2819 1192 2901; baseline -0.009 -19"><span class='ocrx_word' id='word_1_194' title='bbox 131 2835 194 2883; x_wconf 70' lang='lat' dir='ltr'><strong>ta!</strong></span> <span class='ocrx_word' id='word_1_195' title='bbox 206 2839 308 2901; x_wconf 75' lang='lat' dir='ltr'><strong>quamn</strong></span> <span class='ocrx_word' id='word_1_196' title='bbox 317 2843 381 2880; x_wconf 82' lang='lat' dir='ltr'><strong>vero</strong></span> <span class='ocrx_word' id='word_1_197' title='bbox 390 2820 567 2893; x_wconf 84' lang='lat' dir='ltr'><strong>impudentia!</strong></span> <span class='ocrx_word' id='word_1_198' title='bbox 579 2823 638 2888; x_wconf 69' lang='lat' dir='ltr'><strong>)pe</strong></span> <span class='ocrx_word' id='word_1_199' title='bbox 682 2825 784 2874; x_wconf 79' lang='lat' dir='ltr'><strong>nobisne</strong></span> <span class='ocrx_word' id='word_1_200' title='bbox 808 2837 923 2890; x_wconf 79' lang='lat' dir='ltr'><strong>parentes</strong></span> <span class='ocrx_word' id='word_1_201' title='bbox 947 2819 1098 2888; x_wconf 84' lang='lat' dir='ltr'><strong>(arrident,</strong></span> <span class='ocrx_word' id='word_1_202' title='bbox 1125 2840 1192 2892; x_wconf 91' lang='lat' dir='ltr'><strong>quos</strong></span> 
     </span>
     <span class='ocr_line' id='line_1_25' title="bbox 132 2899 1193 2974; baseline -0.008 -12"><span class='ocrx_word' id='word_1_203' title='bbox 132 2913 232 2962; x_wconf 78' lang='lat' dir='ltr'><strong>netmtit</strong></span> <span class='ocrx_word' id='word_1_204' title='bbox 245 2913 324 2959; x_wconf 74' lang='lat' dir='ltr'><strong>Iason</strong></span> <span class='ocrx_word' id='word_1_205' title='bbox 337 2923 399 2958; x_wconf 85' lang='lat' dir='ltr'><strong>cnm</strong></span> <span class='ocrx_word' id='word_1_206' title='bbox 415 2901 489 2974; x_wconf 75' lang='lat' dir='ltr'><strong>tagis</strong></span> <span class='ocrx_word' id='word_1_207' title='bbox 504 2901 637 2953; x_wconf 64' lang='lat' dir='ltr'><strong>exsulibus·</strong></span> <span class='ocrx_word' id='word_1_208' title='bbox 682 2905 849 2956; x_wconf 75' lang='lat' dir='ltr'><strong>Burmannus</strong></span> <span class='ocrx_word' id='word_1_209' title='bbox 868 2915 999 2969; x_wconf 81' lang='lat' dir='ltr'><strong>parentum</strong></span> <span class='ocrx_word' id='word_1_210' title='bbox 1018 2899 1077 2952; x_wconf 91' lang='lat' dir='ltr'><strong>loco</strong></span> <span class='ocrx_word' id='word_1_211' title='bbox 1095 2919 1193 2971; x_wconf 85' lang='lat' dir='ltr'><strong>ponere</strong></span> 
     </span>
     <span class='ocr_line' id='line_1_26' title="bbox 132 2978 1192 3060; baseline -0.011 -17"><span class='ocrx_word' id='word_1_212' title='bbox 132 2990 224 3043; x_wconf 80' lang='lat' dir='ltr'><strong>Omnia</strong></span> <span class='ocrx_word' id='word_1_213' title='bbox 238 2993 389 3060; x_wconf 68' lang='grc' dir='ltr'><strong>ἰμφαταῦς·</strong></span> <span class='ocrx_word' id='word_1_214' title='bbox 402 2985 504 3042; x_wconf 80' lang='lat' dir='ltr'><strong>Asiam,</strong></span> <span class='ocrx_word' id='word_1_215' title='bbox 517 2991 638 3032; x_wconf 78' lang='lat' dir='ltr'><strong>tamam·</strong></span> <span class='ocrx_word' id='word_1_216' title='bbox 683 2979 794 3043; x_wconf 83' lang='lat' dir='ltr'><strong>suadet,</strong></span> <span class='ocrx_word' id='word_1_217' title='bbox 812 2995 935 3050; x_wconf 64' lang='lat' dir='ltr'><strong>penates„</strong></span> <span class='ocrx_word' id='word_1_218' title='bbox 954 2997 1014 3052; x_wconf 80' lang='lat' dir='ltr'><strong>quae</strong></span> <span class='ocrx_word' id='word_1_219' title='bbox 1036 2978 1090 3031; x_wconf 92' lang='lat' dir='ltr'><strong>duo</strong></span> <span class='ocrx_word' id='word_1_220' title='bbox 1113 2998 1192 3032; x_wconf 85' lang='lat' dir='ltr'><strong>voca·</strong></span> 
     </span>
     <span class='ocr_line' id='line_1_27' title="bbox 132 3057 1231 3141; baseline -0.009 -19"><span class='ocrx_word' id='word_1_221' title='bbox 132 3069 216 3141; x_wconf 79' lang='lat' dir='ltr'><strong>piam,</strong></span> <span class='ocrx_word' id='word_1_222' title='bbox 231 3079 271 3120; x_wconf 88' lang='lat' dir='ltr'><strong>tot</strong></span> <span class='ocrx_word' id='word_1_223' title='bbox 287 3066 434 3119; x_wconf 73' lang='lat' dir='ltr'><strong>incolarum</strong></span> <span class='ocrx_word' id='word_1_224' title='bbox 452 3061 569 3115; x_wconf 86' lang='lat' dir='ltr'><strong>millibus</strong></span> <span class='ocrx_word' id='word_1_225' title='bbox 588 3059 639 3111; x_wconf 82' lang='lat' dir='ltr'><strong>ire·</strong></span> <span class='ocrx_word' id='word_1_226' title='bbox 683 3062 746 3115; x_wconf 86' lang='lat' dir='ltr'><strong>buit</strong></span> <span class='ocrx_word' id='word_1_227' title='bbox 768 3061 935 3133; x_wconf 78' lang='lat' dir='ltr'><strong>saepesoient</strong></span> <span class='ocrx_word' id='word_1_228' title='bbox 954 3057 1071 3111; x_wconf 89' lang='lat' dir='ltr'><strong>inlibris</strong></span> <span class='ocrx_word' id='word_1_229' title='bbox 1090 3077 1195 3128; x_wconf 87' lang='lat' dir='ltr'><strong>permu-</strong></span> <span class='ocrx_word' id='word_1_230' title='bbox 1228 3105 1231 3112; x_wconf 88' lang='lat'><strong>.</strong></span> 
     </span>
     <span class='ocr_line' id='line_1_28' title="bbox 132 3136 1198 3221; baseline -0.013 -18"><span class='ocrx_word' id='word_1_231' title='bbox 132 3160 268 3221; x_wconf 60' lang='lat' dir='ltr'><strong>quatem,</strong></span> <span class='ocrx_word' id='word_1_232' title='bbox 279 3147 430 3216; x_wconf 78' lang='lat' dir='ltr'><strong>penetravit,</strong></span> <span class='ocrx_word' id='word_1_233' title='bbox 448 3140 547 3196; x_wconf 87' lang='lat' dir='ltr'><strong>adoriri</strong></span> <span class='ocrx_word' id='word_1_234' title='bbox 561 3138 640 3192; x_wconf 82' lang='lat' dir='ltr'><strong>susti·</strong></span> <span class='ocrx_word' id='word_1_235' title='bbox 684 3141 733 3193; x_wconf 80' lang='lat' dir='ltr'><strong>tari</strong></span> <span class='ocrx_word' id='word_1_236' title='bbox 744 3158 751 3203; x_wconf 86' lang='lat'>;</span> <span class='ocrx_word' id='word_1_237' title='bbox 762 3145 811 3193; x_wconf 83' lang='lat' dir='ltr'><strong>nec</strong></span> <span class='ocrx_word' id='word_1_238' title='bbox 825 3153 881 3202; x_wconf 84' lang='lat' dir='ltr'><strong>est,</strong></span> <span class='ocrx_word' id='word_1_239' title='bbox 892 3136 967 3211; x_wconf 88' lang='lat' dir='ltr'><strong>quod</strong></span> <span class='ocrx_word' id='word_1_240' title='bbox 978 3138 1128 3209; x_wconf 67' lang='lat' dir='ltr'><strong>tautologia</strong></span> <span class='ocrx_word' id='word_1_241' title='bbox 1142 3157 1198 3208; x_wconf 87' lang='lat' dir='ltr'><strong>spe·</strong></span> 
     </span>
     <span class='ocr_line' id='line_1_29' title="bbox 131 3216 1197 3299; baseline -0.013 -18"><span class='ocrx_word' id='word_1_242' title='bbox 131 3241 190 3292; x_wconf 85' lang='lat' dir='ltr'><strong>net,</strong></span> <span class='ocrx_word' id='word_1_243' title='bbox 210 3234 289 3280; x_wconf 77' lang='lat' dir='ltr'><strong>Ieron</strong></span> <span class='ocrx_word' id='word_1_244' title='bbox 312 3223 441 3299; x_wconf 85' lang='lat' dir='ltr'><strong>quidam,</strong></span> <span class='ocrx_word' id='word_1_245' title='bbox 456 3236 532 3275; x_wconf 74' lang='lat' dir='ltr'><strong>terrae</strong></span> <span class='ocrx_word' id='word_1_246' title='bbox 550 3219 640 3283; x_wconf 77' lang='lat' dir='ltr'><strong>nnus,</strong></span> <span class='ocrx_word' id='word_1_247' title='bbox 684 3218 724 3272; x_wconf 83' lang='lat' dir='ltr'><strong>cie</strong></span> <span class='ocrx_word' id='word_1_248' title='bbox 737 3217 917 3281; x_wconf 77' lang='lat' dir='ltr'><strong>offendamur,</strong></span> <span class='ocrx_word' id='word_1_249' title='bbox 937 3219 975 3270; x_wconf 89' lang='lat' dir='ltr'><strong>sic</strong></span> <span class='ocrx_word' id='word_1_250' title='bbox 991 3216 1061 3269; x_wconf 85' lang='lat' dir='ltr'><strong>enim</strong></span> <span class='ocrx_word' id='word_1_251' title='bbox 1077 3228 1101 3268; x_wconf 88' lang='lat' dir='ltr'><strong>et</strong></span> <span class='ocrx_word' id='word_1_252' title='bbox 1117 3216 1197 3282; x_wconf 82' lang='lat' dir='ltr'><strong>alibi;</strong></span> 
     </span>
     <span class='ocr_line' id='line_1_30' title="bbox 133 3297 1192 3378; baseline -0.013 -17"><span class='ocrx_word' id='word_1_253' title='bbox 133 3325 191 3361; x_wconf 80' lang='lat' dir='ltr'><strong>rum</strong></span> <span class='ocrx_word' id='word_1_254' title='bbox 208 3308 317 3378; x_wconf 58' lang='lat' dir='ltr'><strong>mucis,</strong></span> <span class='ocrx_word' id='word_1_255' title='bbox 331 3304 512 3373; x_wconf 64' lang='lat' dir='ltr'><strong>quinquaginta</strong></span> <span class='ocrx_word' id='word_1_256' title='bbox 528 3297 641 3352; x_wconf 91' lang='lat' dir='ltr'><strong>bomini·</strong></span> <span class='ocrx_word' id='word_1_257' title='bbox 685 3319 708 3353; x_wconf 83' lang='lat' dir='ltr'><strong>r.</strong></span> <span class='ocrx_word' id='word_1_258' title='bbox 722 3317 747 3352; x_wconf 85' lang='lat' dir='ltr'><strong>c.</strong></span> <span class='ocrx_word' id='word_1_259' title='bbox 765 3300 796 3360; x_wconf 88' lang='grc' dir='ltr'><strong>Ι,</strong></span> <span class='ocrx_word' id='word_1_260' title='bbox 810 3315 878 3368; x_wconf 78' lang='lat'><strong>7¹¹³</strong></span> <span class='ocrx_word' id='word_1_261' title='bbox 895 3303 916 3349; x_wconf 86' lang='grc' dir='ltr'><strong>ο</strong></span> <span class='ocrx_word' id='word_1_262' title='bbox 934 3301 1036 3356; x_wconf 84' lang='lat' dir='ltr'><strong>domus,</strong></span> <span class='ocrx_word' id='word_1_263' title='bbox 1050 3317 1065 3347; x_wconf 90' lang='lat' dir='ltr'><strong>o</strong></span> <span class='ocrx_word' id='word_1_264' title='bbox 1073 3297 1137 3363; x_wconf 78' lang='lat' dir='ltr'><strong>freti</strong></span> <span class='ocrx_word' id='word_1_265' title='bbox 1148 3317 1192 3347; x_wconf 82' lang='lat' dir='ltr'><strong>ne-</strong></span> 
     </span>
     <span class='ocr_line' id='line_1_31' title="bbox 133 3376 1197 3454; baseline -0.011 -14"><span class='ocrx_word' id='word_1_266' title='bbox 133 3389 196 3451; x_wconf 79' lang='lat' dir='ltr'><strong>bus,</strong></span> <span class='ocrx_word' id='word_1_267' title='bbox 210 3391 290 3454; x_wconf 82' lang='lat' dir='ltr'><strong>iisque</strong></span> <span class='ocrx_word' id='word_1_268' title='bbox 302 3386 438 3442; x_wconf 72' lang='lat' dir='ltr'><strong>exsulibus,</strong></span> <span class='ocrx_word' id='word_1_269' title='bbox 447 3399 513 3453; x_wconf 87' lang='lat' dir='ltr'><strong>qnos</strong></span> <span class='ocrx_word' id='word_1_270' title='bbox 526 3380 584 3452; x_wconf 78' lang='lat' dir='ltr'><strong>ipsa</strong></span> <span class='ocrx_word' id='word_1_271' title='bbox 597 3395 643 3449; x_wconf 84' lang='lat' dir='ltr'><strong>pn·</strong></span> <span class='ocrx_word' id='word_1_272' title='bbox 686 3382 820 3449; x_wconf 83' lang='lat' dir='ltr'><strong>quidquam</strong></span> <span class='ocrx_word' id='word_1_273' title='bbox 831 3383 901 3446; x_wconf 78' lang='lat' dir='ltr'><strong>prole</strong></span> <span class='ocrx_word' id='word_1_274' title='bbox 911 3391 1015 3446; x_wconf 78' lang='lat' dir='ltr'><strong>penates</strong></span> <span class='ocrx_word' id='word_1_275' title='bbox 1025 3398 1035 3437; x_wconf 94' lang='lat'><strong>,·</strong></span> <span class='ocrx_word' id='word_1_276' title='bbox 1045 3376 1106 3430; x_wconf 88' lang='lat' dir='ltr'><strong>item</strong></span> <span class='ocrx_word' id='word_1_277' title='bbox 1119 3377 1197 3436; x_wconf 84' lang='lat' dir='ltr'><strong>infra,</strong></span> 
     </span>
     <span class='ocr_line' id='line_1_32' title="bbox 133 3460 1196 3534; baseline -0.013 -15"><span class='ocrx_word' id='word_1_278' title='bbox 133 3467 180 3519; x_wconf 77' lang='lat' dir='ltr'><strong>tria</strong></span> <span class='ocrx_word' id='word_1_279' title='bbox 191 3467 264 3519; x_wconf 79' lang='lat' dir='ltr'><strong>eires</strong></span> <span class='ocrx_word' id='word_1_280' title='bbox 277 3463 383 3516; x_wconf 81' lang='lat' dir='ltr'><strong>inutiles</strong></span> <span class='ocrx_word' id='word_1_281' title='bbox 396 3460 488 3534; x_wconf 82' lang='lat' dir='ltr'><strong>ejecit!</strong></span> <span class='ocrx_word' id='word_1_282' title='bbox 685 3479 711 3512; x_wconf 82' lang='lat' dir='ltr'><strong>v.</strong></span> <span class='ocrx_word' id='word_1_283' title='bbox 727 3475 790 3526; x_wconf 84' lang='lat'>109,</span> <span class='ocrx_word' id='word_1_284' title='bbox 801 3461 897 3509; x_wconf 70' lang='lat' dir='ltr'><strong>donnum</strong></span> <span class='ocrx_word' id='word_1_285' title='bbox 917 3472 991 3524; x_wconf 82' lang='lat' dir='ltr'><strong>atque</strong></span> <span class='ocrx_word' id='word_1_286' title='bbox 1004 3461 1116 3524; x_wconf 81' lang='lat' dir='ltr'><strong>postes),</strong></span> <span class='ocrx_word' id='word_1_287' title='bbox 1136 3467 1196 3522; x_wconf 77' lang='lat' dir='ltr'><strong>qnos</strong></span> 
     </span>
    </p>

    <p class='ocr_par' dir='ltr' id='par_1_13' title="bbox 133 3527 1219 4248">
     <span class='ocr_line' id='line_1_33' title="bbox 167 3527 1194 3612; baseline -0.016 -14"><span class='ocrx_word' id='word_1_288' title='bbox 167 3549 314 3612; x_wconf 47' lang='lat' dir='ltr'><strong>addeque</strong></span> <span class='ocrx_word' id='word_1_289' title='bbox 331 3557 390 3595; x_wconf 80' lang='lat' dir='ltr'><strong>ante</strong></span> <span class='ocrx_word' id='word_1_290' title='bbox 406 3542 468 3592; x_wconf 77' lang='lat' dir='ltr'><strong>alios</strong></span> <span class='ocrx_word' id='word_1_291' title='bbox 485 3537 551 3591; x_wconf 65' lang='lat' dir='ltr'><strong>Asin</strong></span> <span class='ocrx_word' id='word_1_292' title='bbox 568 3553 643 3607; x_wconf 77' lang='lat' dir='ltr'><strong>reges</strong></span> <span class='ocrx_word' id='word_1_293' title='bbox 687 3529 819 3590; x_wconf 71' lang='lat' dir='ltr'><strong>saturatis</strong></span> <span class='ocrx_word' id='word_1_294' title='bbox 849 3539 959 3604; x_wconf 82' lang='lat' dir='ltr'><strong>infandis</strong></span> <span class='ocrx_word' id='word_1_295' title='bbox 973 3527 1073 3603; x_wconf 51' lang='lat' dir='ltr'><strong>¹rupinis</strong></span> <span class='ocrx_word' id='word_1_296' title='bbox 1097 3536 1194 3604; x_wconf 80' lang='lat' dir='ltr'><strong>pascit,</strong></span> 
     </span>
     <span class='ocr_line' id='line_1_34' title="bbox 134 3611 1196 3694; baseline -0.012 -19"><span class='ocrx_word' id='word_1_297' title='bbox 134 3627 366 3694; x_wconf 62' lang='lat' dir='ltr'><strong>stuprantem,</strong></span> <span class='ocrx_word' id='word_1_298' title='bbox 378 3641 442 3682; x_wconf 83' lang='lat' dir='ltr'><strong>una,</strong></span> <span class='ocrx_word' id='word_1_299' title='bbox 452 3620 559 3689; x_wconf 82' lang='lat' dir='ltr'><strong>inquam</strong></span> <span class='ocrx_word' id='word_1_300' title='bbox 572 3633 643 3680; x_wconf 82' lang='lat' dir='ltr'><strong>‚non</strong></span> <span class='ocrx_word' id='word_1_301' title='bbox 688 3620 733 3688; x_wconf 86' lang='lat' dir='ltr'><strong>qui</strong></span> <span class='ocrx_word' id='word_1_302' title='bbox 745 3614 851 3685; x_wconf 80' lang='lat' dir='ltr'><strong>piratica</strong></span> <span class='ocrx_word' id='word_1_303' title='bbox 870 3613 1016 3666; x_wconf 83' lang='lat' dir='ltr'><strong>exercenda</strong></span> <span class='ocrx_word' id='word_1_304' title='bbox 1028 3612 1143 3684; x_wconf 78' lang='lat' dir='ltr'><strong>quaeritis</strong></span> <span class='ocrx_word' id='word_1_305' title='bbox 1158 3611 1196 3662; x_wconf 84' lang='lat' dir='ltr'><strong>vi-</strong></span> 
     </span>
     <span class='ocr_line' id='line_1_35' title="bbox 134 3689 1198 3773; baseline -0.016 -17"><span class='ocrx_word' id='word_1_306' title='bbox 134 3718 186 3758; x_wconf 83' lang='lat' dir='ltr'><strong>tam</strong></span> <span class='ocrx_word' id='word_1_307' title='bbox 201 3703 294 3764; x_wconf 76' lang='lat' dir='ltr'><strong>navis,</strong></span> <span class='ocrx_word' id='word_1_308' title='bbox 306 3719 387 3773; x_wconf 81' lang='lat' dir='ltr'><strong>qnam</strong></span> <span class='ocrx_word' id='word_1_309' title='bbox 404 3701 483 3758; x_wconf 77' lang='lat' dir='ltr'><strong>ratis,</strong></span> <span class='ocrx_word' id='word_1_310' title='bbox 497 3699 599 3765; x_wconf 77' lang='lat' dir='ltr'><strong>spatium</strong></span> <span class='ocrx_word' id='word_1_311' title='bbox 621 3708 647 3744; x_wconf 89' lang='lat' dir='ltr'><strong>ut</strong></span> <span class='ocrx_word' id='word_1_312' title='bbox 689 3707 857 3764; x_wconf 33' lang='lat' dir='ltr'><strong>ctum,⁴quor</strong></span> <span class='ocrx_word' id='word_1_313' title='bbox 872 3713 938 3744; x_wconf 76' lang='lat' dir='ltr'><strong>raeeva</strong></span> <span class='ocrx_word' id='word_1_314' title='bbox 956 3696 1030 3744; x_wconf 78' lang='lat' dir='ltr'><strong>hiems</strong></span> <span class='ocrx_word' id='word_1_315' title='bbox 1041 3694 1137 3760; x_wconf 82' lang='lat' dir='ltr'><strong>parcit,</strong></span> <span class='ocrx_word' id='word_1_316' title='bbox 1152 3689 1198 3759; x_wconf 88' lang='lat' dir='ltr'><strong>qui</strong></span> 
     </span>
     <span class='ocr_line' id='line_1_36' title="bbox 133 3767 1219 3854; baseline -0.013 -20"><span class='ocrx_word' id='word_1_317' title='bbox 133 3780 288 3854; x_wconf 65' lang='lat' dir='ltr'><strong>arbo,quod</strong></span> <span class='ocrx_word' id='word_1_318' title='bbox 305 3780 368 3833; x_wconf 75' lang='lat' dir='ltr'><strong>elias</strong></span> <span class='ocrx_word' id='word_1_319' title='bbox 382 3796 435 3831; x_wconf 89' lang='lat' dir='ltr'><strong>non</strong></span> <span class='ocrx_word' id='word_1_320' title='bbox 448 3775 537 3830; x_wconf 87' lang='lat' dir='ltr'><strong>nisiin</strong></span> <span class='ocrx_word' id='word_1_321' title='bbox 555 3771 645 3844; x_wconf 70' lang='lat' dir='ltr'><strong>prelio</strong></span> <span class='ocrx_word' id='word_1_322' title='bbox 690 3773 754 3846; x_wconf 86' lang='lat' dir='ltr'><strong>ipsis</strong></span> <span class='ocrx_word' id='word_1_323' title='bbox 779 3771 976 3843; x_wconf 82' lang='lat' dir='ltr'><strong>tempestatibus</strong></span> <span class='ocrx_word' id='word_1_324' title='bbox 1005 3769 1143 3822; x_wconf 81' lang='lat' dir='ltr'><strong>abutimini</strong></span> <span class='ocrx_word' id='word_1_325' title='bbox 1165 3767 1219 3820; x_wconf 65' lang='lat' dir='ltr'><strong>nd¹</strong></span> 
     </span>
     <span class='ocr_line' id='line_1_37' title="bbox 134 3850 1199 3924; baseline -0.017 -8"><span class='ocrx_word' id='word_1_326' title='bbox 134 3861 208 3916; x_wconf 81' lang='lat' dir='ltr'><strong>cresis</strong></span> <span class='ocrx_word' id='word_1_327' title='bbox 217 3859 321 3913; x_wconf 77' lang='lat' dir='ltr'><strong>detrahi</strong></span> <span class='ocrx_word' id='word_1_328' title='bbox 330 3860 408 3923; x_wconf 85' lang='lat' dir='ltr'><strong>solet,</strong></span> <span class='ocrx_word' id='word_1_329' title='bbox 423 3857 647 3924; x_wconf 79' lang='lat' dir='ltr'><strong>deregerepottet!</strong></span> <span class='ocrx_word' id='word_1_330' title='bbox 690 3853 831 3923; x_wconf 75' lang='lat' dir='ltr'><strong>naufragos</strong></span> <span class='ocrx_word' id='word_1_331' title='bbox 845 3851 1036 3923; x_wconf 82' lang='lat' dir='ltr'><strong>exspoliandos.</strong></span> <span class='ocrx_word' id='word_1_332' title='bbox 1048 3850 1090 3903; x_wconf 90' lang='lat' dir='ltr'><strong>Sic</strong></span> <span class='ocrx_word' id='word_1_333' title='bbox 1100 3867 1199 3916; x_wconf 86' lang='lat' dir='ltr'><strong>augen-</strong></span> 
     </span>
     <span class='ocr_line' id='line_1_38' title="bbox 135 3927 1199 4008; baseline -0.013 -16"><span class='ocrx_word' id='word_1_334' title='bbox 135 3947 231 4008; x_wconf 75' lang='lat' dir='ltr'><strong>Ipsmn,</strong></span> <span class='ocrx_word' id='word_1_335' title='bbox 252 3942 327 4008; x_wconf 65' lang='lat' dir='ltr'><strong>birram</strong></span> <span class='ocrx_word' id='word_1_336' title='bbox 349 3957 386 3988; x_wconf 84' lang='lat' dir='ltr'><strong>me</strong></span> <span class='ocrx_word' id='word_1_337' title='bbox 407 3937 497 4005; x_wconf 81' lang='lat' dir='ltr'><strong>efferre</strong></span> <span class='ocrx_word' id='word_1_338' title='bbox 520 3931 645 3994; x_wconf 76' lang='lat' dir='ltr'><strong>obviant,</strong></span> <span class='ocrx_word' id='word_1_339' title='bbox 691 3943 734 3984; x_wconf 89' lang='lat' dir='ltr'><strong>tur</strong></span> <span class='ocrx_word' id='word_1_340' title='bbox 748 3930 905 4002; x_wconf 84' lang='lat' dir='ltr'><strong>opprobria:</strong></span> <span class='ocrx_word' id='word_1_341' title='bbox 925 3928 1029 4001; x_wconf 83' lang='lat' dir='ltr'><strong>placido</strong></span> <span class='ocrx_word' id='word_1_342' title='bbox 1045 3927 1111 3980; x_wconf 83' lang='lat' dir='ltr'><strong>mari</strong></span> <span class='ocrx_word' id='word_1_343' title='bbox 1132 3927 1199 3997; x_wconf 87' lang='lat' dir='ltr'><strong>rnpi·</strong></span> 
     </span>
     <span class='ocr_line' id='line_1_39' title="bbox 135 4005 1198 4090; baseline -0.015 -18"><span class='ocrx_word' id='word_1_344' title='bbox 135 4038 192 4090; x_wconf 72' lang='lat' dir='ltr'><strong>qun</strong></span> <span class='ocrx_word' id='word_1_345' title='bbox 207 4020 341 4090; x_wconf 82' lang='lat' dir='ltr'><strong>postulat,</strong></span> <span class='ocrx_word' id='word_1_346' title='bbox 359 4035 424 4068; x_wconf 83' lang='lat' dir='ltr'><strong>meos</strong></span> <span class='ocrx_word' id='word_1_347' title='bbox 441 4017 567 4083; x_wconf 78' lang='lat' dir='ltr'><strong>pandere,</strong></span> <span class='ocrx_word' id='word_1_348' title='bbox 589 4027 647 4081; x_wconf 83' lang='lat' dir='ltr'><strong>ape·</strong></span> <span class='ocrx_word' id='word_1_349' title='bbox 692 4012 731 4063; x_wconf 89' lang='lat' dir='ltr'><strong>nis</strong></span> <span class='ocrx_word' id='word_1_350' title='bbox 746 4011 845 4069; x_wconf 79' lang='lat' dir='ltr'><strong>vivitis,</strong></span> <span class='ocrx_word' id='word_1_351' title='bbox 857 4027 951 4080; x_wconf 84' lang='lat' dir='ltr'><strong>perora</strong></span> <span class='ocrx_word' id='word_1_352' title='bbox 963 4007 1065 4078; x_wconf 84' lang='lat' dir='ltr'><strong>abigitis</strong></span> <span class='ocrx_word' id='word_1_353' title='bbox 1078 4017 1103 4057; x_wconf 94' lang='lat' dir='ltr'><strong>et</strong></span> <span class='ocrx_word' id='word_1_354' title='bbox 1113 4005 1198 4058; x_wconf 88' lang='lat' dir='ltr'><strong>bonti-</strong></span> 
     </span>
     <span class='ocr_line' id='line_1_40' title="bbox 136 4084 1201 4165; baseline -0.014 -15"><span class='ocrx_word' id='word_1_355' title='bbox 136 4099 202 4162; x_wconf 83' lang='lat' dir='ltr'><strong>rire,</strong></span> <span class='ocrx_word' id='word_1_356' title='bbox 218 4103 301 4156; x_wconf 82' lang='lat' dir='ltr'><strong>lucos,</strong></span> <span class='ocrx_word' id='word_1_357' title='bbox 314 4115 367 4148; x_wconf 89' lang='lat' dir='ltr'><strong>non</strong></span> <span class='ocrx_word' id='word_1_358' title='bbox 379 4107 468 4165; x_wconf 81' lang='lat' dir='ltr'><strong>petet,</strong></span> <span class='ocrx_word' id='word_1_359' title='bbox 489 4091 534 4145; x_wconf 84' lang='lat' dir='ltr'><strong>sed</strong></span> <span class='ocrx_word' id='word_1_360' title='bbox 551 4096 649 4160; x_wconf 80' lang='lat' dir='ltr'><strong>imperet</strong></span> <span class='ocrx_word' id='word_1_361' title='bbox 691 4109 737 4142; x_wconf 86' lang='lat' dir='ltr'><strong>nes</strong></span> <span class='ocrx_word' id='word_1_362' title='bbox 749 4108 756 4151; x_wconf 88' lang='lat'><strong>;</strong></span> <span class='ocrx_word' id='word_1_363' title='bbox 768 4089 854 4141; x_wconf 86' lang='lat' dir='ltr'><strong>hieme</strong></span> <span class='ocrx_word' id='word_1_364' title='bbox 866 4099 937 4150; x_wconf 55' lang='lat' dir='ltr'><strong>orta,</strong></span> <span class='ocrx_word' id='word_1_365' title='bbox 949 4107 979 4140; x_wconf 80' lang='lat' dir='ltr'><strong>ox</strong></span> <span class='ocrx_word' id='word_1_366' title='bbox 994 4086 1055 4156; x_wconf 80' lang='lat' dir='ltr'><strong>ipsis</strong></span> <span class='ocrx_word' id='word_1_367' title='bbox 1070 4084 1201 4154; x_wconf 76' lang='lat' dir='ltr'><strong>naufragis</strong></span> 
     </span>
     <span class='ocr_line' id='line_1_41' title="bbox 136 4169 929 4248; baseline -0.013 -20"><span class='ocrx_word' id='word_1_368' title='bbox 136 4189 263 4248; x_wconf 79' lang='lat' dir='ltr'><strong>tanquam</strong></span> <span class='ocrx_word' id='word_1_369' title='bbox 276 4176 369 4228; x_wconf 78' lang='lat' dir='ltr'><strong>victor.</strong></span> <span class='ocrx_word' id='word_1_370' title='bbox 695 4169 780 4221; x_wconf 82' lang='lat' dir='ltr'><strong>facitis</strong></span> <span class='ocrx_word' id='word_1_371' title='bbox 792 4181 929 4238; x_wconf 74' lang='lat' dir='ltr'><strong>quaestum.</strong></span> 
     </span>
    </p>
   </div>
   <div class='ocr_carea' id='block_1_9' title="bbox 269 4261 1069 4348">
    <p class='ocr_par' dir='ltr' id='par_1_14' title="bbox 269 4261 1069 4348">
     <span class='ocr_line' id='line_1_42' title="bbox 269 4261 1069 4348; baseline -0.016 -12"><span class='ocrx_word' id='word_1_372' title='bbox 269 4273 311 4336; x_wconf 85' lang='grc' dir='ltr'><strong>ΙΙ.</strong></span> <span class='ocrx_word' id='word_1_373' title='bbox 346 4261 355 4270; x_wconf 39' lang='grc'>’</span> <span class='ocrx_word' id='word_1_374' title='bbox 1053 4287 1069 4348; x_wconf 77' lang='lat'><em>7</em></span> 
     </span>
    </p>
   </div>
   <div class='ocr_carea' id='block_1_10' title="bbox 0 0 1573 5128">
    <p class='ocr_par' dir='ltr' id='par_1_15' title="bbox 0 0 1573 5128">
     <span class='ocr_line' id='line_1_43' title="bbox 0 0 1573 5128; baseline 0 0"><span class='ocrx_word' id='word_1_375' title='bbox 0 0 1573 5128; x_wconf 95' lang='lat' dir='ltr'><strong> </strong></span> 
     </span>
    </p>
   </div>
  </div>
 </body>
</html>
