3150 5126
503 524 902 594 ARGONAUTICA.'
1167 530 1230 618 317

203 657 369 725 sidensis
386 659 481 724 funes
497 658 580 724 saxis
597 660 839 744 convolvimus,
856 660 945 726 illinc
1016 647 1021 654 ²

202 773 320 838 Emisit
338 772 459 856 socios,
479 789 512 838 et
527 796 670 862 qurerere
685 774 779 854 jussit
793 777 889 840 lason

203 891 256 956 An
273 889 358 954 uolat
374 888 502 978 ignotas
519 904 709 976 semotaque
726 889 819 954 litora
836 905 936 956 terras

202 1001 391 1086 Gens'ullu‚
408 1020 441 1068 et
459 1025 566 1069 mores
584 1003 759 1070 homiuum
776 1026 972 1096 cognoscere
991 1021 1024 1070 et
1038 1007 1167 1076 urbem.

203 1118 325 1183 Verum
341 1119 403 1184 illis
417 1141 556 1208 propere
570 1119 776 1186 venientibus
792 1120 888 1186 obvia
902 1120 979 1185 solis
1193 1105 1198 1113 ¹

202 1233 304 1315 Filia,
319 1255 418 1320 quam
435 1231 551 1297 dicunt
561 1232 696 1321 proprio
712 1230 754 1297 de
771 1233 906 1299 nomine
923 1233 1057 1318 Circen,

202 1346 327 1430 Arrun,
352 1346 454 1413 AEetae
467 1348 555 1430 justo
575 1347 694 1412 sociata
707 1347 827 1438 jugali,
1122 1396 1125 1404 .
1182 1368 1232 1409 12⁰5

204 1462 313 1546 Quum
328 1461 403 1526 tulit
418 1463 576 1551 Asterope
591 1458 775 1551 splendenti
790 1463 979 1553 Hyperione
998 1480 1109 1532 mater.

131 1666 135 1672 ‚
202 1578 280 1641 Haec
296 1576 396 1665 igitur
413 1599 512 1642 cursu
528 1575 569 1641 ad
582 1576 718 1667 puppim
734 1578 901 1667 pervenit:
917 1595 951 1644 st
966 1603 1080 1646 omnes

200 1691 350 1778 Inspecta
366 1706 538 1779 stupuere:
554 1711 646 1779 pares
661 1688 703 1754 de
715 1691 836 1756 vertice
852 1714 985 1758 summo

202 1807 246 1869 Et
262 1804 357 1870 radiis
374 1804 493 1869 similes
513 1803 683 1895 spargebat
699 1827 841 1894 namque
857 1808 1006 1897 capillos,

202 1919 364 1984 Emittens
380 1934 485 2009 gretes
508 1917 690 2007 splendenti
707 1942 845 2008 corpore
862 1918 1015 1988 flammas.

201 2033 326 2098 Verum
342 2033 401 2100 ubi
418 2031 566 2099 Medeam
583 2033 673 2096 tenui
689 2033 849 2098 velamine
865 2049 981 2100 tectam

202 2148 368 2237 Inspexit,
391 2169 533 2236 namque
553 2148 605 2211 ills
622 2167 720 2237 genas
741 2146 870 2236 perfusa
888 2147 1009 2212 rubore

183 2262 357 2360 ¹Velsbut,
374 2260 552 2349 viridisque
567 2258 662 2324 dolor
678 2275 758 2324 tunc
777 2259 877 2325 eorda
898 2259 1084 2350 premebat,

202 2377 256 2444 Sic
270 2380 366 2460 fatur,
386 2377 525 2468 gemitus
543 2391 625 2440 natae
642 2373 792 2440 miserata
807 2375 959 2440 latentes:
1052 2435 1055 2453 ,

247 2490 299 2555 «0
317 2491 453 2572 misere,
479 2490 513 2556 iu
530 2504 670 2577 quintos
683 2488 761 2569 jecit
776 2504 808 2553 te
823 2489 939 2578 Cypria
951 2490 1073 2557 luctus!
1179 2513 1229 2551 ms

203 2604 273 2668 lam
289 2601 415 2668 facinus
427 2619 572 2667 vestrum
590 2624 657 2666 nou
672 2601 736 2666 ulls
750 2602 925 2668 aboleverit
942 2619 1035 2686 retas,

207 2713 308 2798 Quod
325 2717 410 2781 serris
428 2716 494 2780 hue
508 2715 667 2806 profugos
682 2715 801 2780 frustra
818 2716 974 2807 genitoris
989 2719 1031 2783 ab
1048 2741 1104 2784 ore

202 2829 234 2894 N
235 2852 302 2894 unc
314 2831 380 2920 agit
394 2830 439 2896 ob
452 2830 524 2895 caesi
540 2828 646 2894 fratris
664 2827 838 2894 crudeliter
853 2828 1015 2895 umbram.

204 2944 289 3009 Nam
307 2967 414 3034 neque
428 2967 486 3009 vos
501 2943 613 3034 patriis
629 2944 676 3008 fas
693 2959 742 3008 est
757 2943 932 3010 succedere
948 2929 1040 3012 tectis

205 3061 351 3127 Pollutos
367 3078 449 3127 tetra
467 3061 590 3150 peccati
608 3061 680 3126 labe
696 3062 850 3146 recentis,

205 3174 247 3239 Ni
261 3176 351 3265 prius
366 3175 508 3240 invisum
523 3174 635 3240 Maleae
649 3174 683 3238 in
700 3176 795 3240 litore
806 3176 893 3257 justa

205 3289 352 3381 Purgetis
373 3311 432 3378 per
447 3311 534 3353 sacra
551 3289 661 3372 nefas,
679 3288 818 3354 libamen
832 3304 865 3352 et
878 3288 1017 3378 0rphei;

204 3409 313 3494 Atque
326 3404 400 3470 ideo
415 3421 541 3470 nostras
561 3426 730 3493 nunquam
746 3427 804 3471 vos
821 3405 924 3469 risere
940 3420 1040 3469 terras

204 3519 334 3585 Credite
349 3519 496 3585 turbatos
518 3534 582 3582 tam
599 3517 834 3610 tetropcrimine
849 3517 976 3600 sordis;

205 3632 340 3720 Hospita
355 3630 442 3697 dona
459 3648 566 3696 tamen
585 3631 677 3696 vobis
696 3629 841 3696 studiosa
858 3631 999 3721 parabo,
1179 3659 1230 3698 ms

205 3745 249 3808 Et
265 3767 403 3834 panem,
428 3761 461 3811 et
478 3743 596 3809 multas
614 3767 741 3824 carues,
770 3761 803 3810 et
822 3743 930 3810 duleis
946 3745 1019 3810 vina
1032 3777 1055 3812 s.
1307 3729 1310 3735 ⁸

250 3860 303 3926 sic
316 3861 378 3943 sit,
401 3877 435 3927 et
447 3877 534 3926 retro
549 3881 704 3924 converse
720 3875 788 3924 est:
803 3880 877 3924 vasa
892 3857 950 3925 sed
966 3857 1067 3949 ipsam

206 3974 245 4038 ln
260 3973 399 4043 medium
416 3975 567 4065 puppim,
583 3989 764 4063 potusque,
781 3973 910 4061 cibique
927 3972 1089 4038 feruntur.

206 4089 249 4154 Et
261 4089 336 4153 tulit
352 4090 430 4155 hine
447 4106 561 4156 ventus
583 4111 739 4178 properos
755 4112 774 4154 a
788 4112 898 4194 puppe
911 4087 1085 4155 secundus.

205 4201 368 4268 Solvimus
386 4203 451 4269 hoc
459 4203 564 4293 igitur
579 4219 688 4269 tensos
706 4201 747 4268 de
765 4203 859 4269 litore
873 4203 989 4285 funes,
1183 4229 1232 4270 nn
