3150 5126
499 544 861 610 ARGONAUTICA.
1149 563 1213 628 299

186 675 468 762 Rhindaoiumque
482 675 548 738 cito
566 695 665 738 cursu
682 687 752 737 tum
769 672 911 761 proterit
926 691 1076 736 amnem.-

231 787 316 852 Hinc
328 788 395 867 jam
409 785 484 850 litus
503 807 614 852 amans
630 785 784 875 gaudenti
797 785 919 874 remige
933 801 1047 873 portus

187 902 292 965 Intrat
308 921 483 965 arenosos:
500 899 650 964 manibus
668 914 748 964 tunc
762 920 840 987 ergo
856 896 1013 962 rudentes

187 1018 367 1107 Colligere,
381 1031 414 1081 et
427 1016 504 1080 loris
520 1015 714 1080 subnectere
724 1017 792 1080 vela
804 1013 967 1094 jubemur.

184 1132 271 1196 Hinc
286 1133 368 1197 scala
386 1131 572 1222 egredimur
590 1131 749 1196 subducta
767 1132 800 1195 in
818 1132 913 1197 litore
926 1123 1085 1219 pulchro,
1171 1149 1210 1188 ⁶³0

186 1247 335 1335 Quisque
349 1247 413 1312 cibi
431 1263 595 1337 potusque
607 1263 750 1329 memor3
768 1267 939 1310 nemomsa
954 1243 1055 1308 rideri

182 1360 341 1451 Arganthi
357 1361 411 1427 hic
426 1363 549 1426 circum
568 1362 716 1453 praecelsa
732 1361 900 1426 eacumina
918 1360 1048 1424 montis.

184 1477 271 1540 Turn
286 1498 364 1540 vero
382 1493 541 1560 auratus,
560 1478 654 1543 silvas
672 1475 864 1566 properabat
877 1475 910 1538 in
927 1474 1005 1540 altas

187 1578 334 1672 Alcides,
348 1614 425 1654 arcu
442 1593 572 1679 teloque
585 1591 761 1681 tricuspide
779 1590 943 1672 dextram,

180 1705 342 1770 Venando
359 1721 397 1770 ut
416 1705 557 1794 praedam
579 1705 692 1783 sociis,
713 1719 901 1792 coenamque
917 1719 1061 1794 pararet,
1173 1721 1211 1760 ⁶³⁵

181 1823 232 1884 De
247 1843 305 1884 sue
322 1821 372 1886 vel
390 1843 524 1910 caprea,
541 1838 678 1886 cornuta
696 1822 763 1886 sire
777 1820 934 1902 juvenca,

180 1935 335 2022 Dumque
351 1935 440 2000 subit
455 1936 522 2000 late
532 1937 625 2000 silvas
637 1935 718 2000 clam
736 1958 845 2024 puppe
862 1933 992 2016 relicta,

181 2047 273 2111 Pone
289 2065 447 2136 sequutus
463 2051 580 2139 Hylas,
598 2049 769 2138 pravisque
786 2046 951 2112 erroribus
968 2063 1076 2129 actus,

181 2161 332 2226 Pervenit
344 2163 457 2228 infelix
471 2164 617 2229 habitant
632 2163 689 2228 ubi
704 2165 786 2228 l'orte
802 2163 959 2251 palustres

182 2277 377 2365 Speluncam
397 2280 576 2368 Nymphae,
590 2271 696 2344 risum
714 2301 786 2366 quse
803 2279 954 2367 protinus
972 2277 1062 2341 illum
1173 2296 1212 2340 st·

181 2391 366 2458 Imberbem
383 2393 587 2482 similemque
604 2393 689 2475 deis,
706 2415 844 2482 rapuere
858 2392 920 2457 sub
938 2391 1059 2473 undas,

182 2505 228 2571 Ut
243 2529 355 2570 secum
370 2521 456 2571 totos
473 2508 553 2572 senii
570 2508 612 2572 sit
628 2509 754 2572 nescius
772 2529 885 2572 annos.

182 2622 254 2684 lam
272 2621 380 2686 medio
395 2644 493 2686 cursu
507 2622 625 2711 rapidis
639 2623 811 2686 altissimus
828 2620 895 2686 ibat

186 2734 331 2800 Phoebus
348 2727 457 2824 equis}
474 2754 627 2802 resonant
641 2736 752 2802 validae
768 2736 810 2800 de
826 2737 991 2801 montibus
1007 2757 1106 2818 aurae,

185 2850 391 2938 Carbasaque
407 2853 468 2916 alta
484 2867 617 2940 petunt,
632 2852 726 2931 jubet
741 2874 818 2939 crgo
834 2852 954 2915 intrare
970 2852 1110 2914 carinam
1170 2870 1208 2908 sss

181 2963 370 3030 Exclamant
383 2966 522 3054 Tiphys,
541 2981 573 3032 et
589 2967 712 3030 solvere
728 2967 821 3030 litore
837 2968 941 3031 funes.

182 3080 226 3142 At
246 3079 328 3142 citus
345 3079 483 3144 Elatides
501 3080 593 3145 silvas
610 3080 829 3169 Polyphemus
849 3081 965 3163 inibat,

182 3193 227 3260 Ut
243 3209 337 3257 vocet
347 3192 497 3274 Alciden,
514 3194 719 3282 celeremque
738 3194 872 3260 reducat
884 3195 924 3260 ad
936 3197 1030 3284 Argo.

180 3308 303 3370 Verum
319 3308 408 3373 haud
423 3309 586 3374 occurrit:
603 3311 705 3374 robur
720 3334 793 3376 nant
811 3313 875 3376 fata
888 3313 1038 3376 vetabant

181 3420 301 3486 Alcidae
317 3422 467 3488 indomiti
481 3423 669 3524 contingere
682 3423 836 3490 Phasidos
849 3425 964 3492 undas.
1168 3445 1206 3484 σεο
1228 3431 1233 3437 “

227 3535 313 3625 Ergo
328 3535 386 3601 ubi
404 3537 526 3602 telluris
542 3519 690 3604 infaustae
708 3539 861 3625 liquimus
876 3563 961 3621 oras,

180 3650 241 3714 llic
249 3651 316 3731 jam
328 3651 468 3740 Amycus
479 3652 687 3741 bebrycensis
701 3651 799 3716 habet
814 3653 955 3718 crudelia
970 3676 1067 3742 regna

180 3764 311 3846 Gentis,
327 3781 360 3830 et
375 3767 544 3832 aetherium
559 3783 772 3832 contemnens
789 3768 903 3856 fasque
923 3769 1116 3856 lovemque,

179 3882 327 3945 Immune
344 3883 483 3947 instituit
500 3900 612 3948 contra
627 3885 753 3973 hospita
768 3883 840 3963 jura
855 3883 1016 3965 duellum,

179 3995 241 4077 Ut,
260 3996 422 4062 stabulum
439 3999 585 4088 quisquis
600 4000 650 4063 vel
669 4000 754 4088 regia
771 4015 853 4064 tecta
870 3999 1010 4079 subiret,
1165 4018 1204 4057 σεε

180 4110 219 4173 ln
234 4111 376 4199 pugilem
396 4111 486 4176 duns
503 4113 587 4176 ineat
606 4113 781 4177 certamina
794 4115 921 4204 pugnis.

181 4224 279 4289 llunc
292 4225 390 4314 igitur
406 4227 515 4292 stravit
529 4230 560 4291 vi
576 4244 662 4293 rasta
680 4244 711 4292 et
727 4229 842 4292 robore
859 4228 990 4308 Pollux,
