3188 5130
664 561 700 622 o.
726 559 917 644 vitnau
948 559 1119 626 aarum

401 686 507 752 Flexit
522 687 563 752 ael
580 691 730 778 ignotum
747 689 1073 780 caput‘inlletumque
1089 691 1226 758 Monesi.

403 801 548 891 Praeceps
567 805 619 868 ille
636 806 720 870 ruit:
740 821 816 870 nato
836 829 902 870 non
920 805 1044 895 depulit
1056 808 1140 871 ictus

402 919 419 982 J
423 918 545 1008 upiter3
557 919 699 984 AEsoniae
713 921 831 997 ,vulnus
846 920 941 984 fatale
955 921 1011 985 sed
1025 922 1123 986 hastae

401 1032 464 1098 Per
480 1032 646 1122 clypeum,
668 1059 725 1122 per
744 1052 857 1123 pectus
869 1037 953 1117 abit;
970 1037 1127 1124 lapsoque
1142 1053 1298 1101 cruentus

403 1147 539 1212 advolat
556 1141 748 1234 AEsonides,
765 1163 971 1238 mortemque
988 1149 1132 1214 cadentis
1149 1149 1287 1216 acerbat.
1384 1177 1431 1230 rsa

404 1263 569 1353 Spargitur
585 1265 682 1345 hinc,
698 1267 889 1354 miserisque
904 1268 994 1331 venit
1005 1269 1072 1347 jana
1087 1283 1185 1332 notus
1202 1267 1323 1332 Alanis.

447 1383 490 1444 At
502 1381 611 1470 regina
626 1383 732 1446 virum
752 1383 875 1471 (neque
892 1383 980 1446 enim
996 1382 1077 1447 deus
1092 1401 1221 1448 amovet
1234 1385 1360 1474 ignem)

404 1494 613 1585 Persequitur
629 1500 788 1582 lustrans,
807 1499 973 1588 oculisque
991 1497 1181 1565 ardentibus
1197 1501 1313 1582 haeret,

404 1610 446 1674 Et
459 1612 543 1694 jam,
563 1613 633 1678 laeta
652 1615 760 1679 minus
778 1615 944 1703 praesentis
964 1609 1103 1706 imagine
1122 1638 1258 1705 pugnae,

407 1725 612 1815 Castigatque
629 1745 753 1812 metus,
773 1745 824 1810 et,
843 1753 923 1819 quas
937 1714 997 1792 alit
1015 1731 1131 1810 inscia,
1152 1753 1263 1810 curas,
1395 1753 1434 1786 a...

405 1842 609 1930 Respiciens,
625 1869 666 1908 an
683 1867 757 1910 vera
775 1869 884 1927 soror,
905 1869 964 1910 nec
981 1845 1112 1911 credere
1125 1847 1222 1911 falsos

406 1957 516 2022 Audet
531 1975 622 2024 atrox
637 1963 765 2042 vultus,
785 1961 963 2051 eademque
982 1965 1015 2026 in
1031 1963 1146 2052 gaudia
1161 1983 1274 2028 rursus

406 2071 550 2154 Labitur,
570 2091 603 2140 et
620 2099 709 2142 saevea
728 2076 866 2142 trahitur
884 2076 1056 2142 dulcedine
1074 2075 1220 2141 flammae.

407 2187 456 2251 Ac
473 2189 562 2253 velut
580 2207 654 2254 ante
673 2213 780 2256 comas
799 2215 835 2256 ac
854 2215 981 2256 summa
998 2192 1164 2256 cacumina
1184 2191 1268 2256 silvae

393 2391 448 2440 651.
459 2393 535 2440 theo
545 2395 570 2441 in
580 2397 666 2443 caehroti
673 2409 751 2458 eaput,
763 2399 917 2460 inferumque
929 2399 961 2443 Μ.
973 2395 1099 2444 Carnood.
1110 2395 1167 2441 edit.
1181 2396 1203 2440 11
1214 2395 1325 2442 etlleiaa.
1338 2421 1369 2431 -
1378 2395 1434 2443 655.

365 2477 469 2521 deerrat.
479 2475 576 2524 Soleard
587 2477 634 2523 bat
646 2494 665 2522 a
675 2479 855 2540 permutatione,
865 2478 941 2525 Vatia.
951 2479 1041 2524 Bonam
1058 2475 1128 2522 codd.
1142 2479 1232 2522 Bonam
1243 2477 1261 2522 l.
1270 2479 1335 2524 lunt.
1347 2479 1434 2524 Macer.

365 2561 421 2599 teat.
439 2553 492 2618 ald.
508 2579 540 2592 -·-
554 2555 609 2617 657.
627 2559 705 2620 lgm.
725 2560 814 2604 Bonam
836 2560 845 2604 Ι
865 2567 887 2603 et
908 2558 942 2611 il,
965 2567 988 2603 et
1005 2555 1059 2602 edd.
1078 2565 1132 2602 ante
1148 2557 1212 2602 Carr.
1233 2581 1263 2592 -
1279 2556 1334 2604 663.
1359 2561 1435 2604 Sera.

364 2631 469 2681 Vatican.
481 2635 535 2681 cod.
553 2637 597 2682 En.

399 2811 462 2864 652.
477 2817 586 2882 Praeceps
598 2815 652 2876 illa,
668 2813 798 2877 Colaxes,
810 2818 857 2864 mit
866 2835 876 2874 ‚·
920 2814 1076 2884 peregrin03
1099 2813 1153 2884 ipsa
1169 2829 1197 2864 se
1214 2811 1297 2864 celare
1316 2828 1436 2864 amorem

364 2893 474 2942 AEsonr'oe
486 2896 682 2963 valnrofatale,
692 2894 785 2960 letale,
798 2898 876 2945 hante
921 2892 978 2944 vult
987 2933 995 2958 ‚
1004 2910 1085 2964 quem
1094 2892 1172 2944 sentit
1181 2909 1274 2962 reapse
1283 2891 1437 2963 ,oriturque

359 2989 406 3036 per
414 2974 523 3038 elyperm
533 3011 541 3031 ,
548 2991 596 3040 per
599 2987 684 3042 peetus
693 2977 753 3026 alit.
920 2972 985 3024 levia
997 2969 1064 3025 adeo
1081 2971 1194 3044 suspicio
1208 2970 1242 3023 de
1259 2971 1356 3024 comite
1369 2989 1437 3034 sua,

398 3049 461 3103 655.
481 3049 594 3104 Advolat
616 3052 711 3116 Jaton,
727 3067 876 3119 mortemque
920 3055 1066 3120 respiciens,
1083 3071 1116 3104 an
1136 3071 1199 3103 vera
1216 3071 1300 3110 soror,
1318 3070 1364 3102 nec
1381 3069 1437 3101 ere·

363 3131 474 3180 cadentis
492 3133 607 3193 cariat,
630 3132 791 3186 acerbiorem
813 3133 876 3186 facit
920 3137 977 3184 dere
984 3133 1068 3201 salsos
1080 3129 1158 3182 andei
1168 3145 1242 3183 atrox
1256 3135 1358 3192 aalma
1379 3147 1438 3182 non

363 3207 532 3272 insultando,
552 3211 698 3264 sarcasmia.
718 3211 875 3283 Exemplum
920 3211 967 3264 diu
986 3211 1248 3284 alit'suspieionem,
1268 3229 1319 3283 qua
1343 3219 1437 3262 tanaen

363 3285 437 3340 aliud
448 3287 509 3342 ride
520 3304 618 3361 supra,
632 3291 669 3342 tv
673 3331 681 3356 ‚
696 3291 757 3354 3¹4·
920 3291 1045 3362 injuriam
1065 3291 1177 3344 fortasse
1195 3291 1279 3342 facere
1293 3289 1377 3361 possit
1390 3307 1438 3342 so·

399 3366 461 3420 656.
475 3368 875 3440 Spargimrhinmdaliospro·
921 3368 995 3435 rori,
1017 3373 1151 3437 eademque
1170 3371 1194 3420 in
1214 3371 1311 3438 gaudia
1330 3370 1438 3429 lebino,
1509 3413 1519 3430 ,

364 3463 461 3517 perans
473 3487 480 3513 ,
491 3451 634 3516 miserisque
643 3450 774 3518 aenitjam
786 3463 873 3508 nanas,
921 3447 1023 3500 vultum
1032 3447 1121 3502 denuo
1130 3447 1261 3522 explicat,
1272 3463 1295 3500 cc
1306 3467 1377 3499 sceva
1386 3462 1442 3500 tra·

363 3535 441 3578 testes
463 3527 534 3580 enim
552 3527 657 3580 fuerant
682 3545 773 3580 rerum
796 3527 877 3580 modo
920 3530 983 3580 bitur
993 3531 1124 3581 duricedine
1127 3531 1255 3601 statariae,
1269 3526 1442 3598 pernicioso,

364 3605 467 3660 fortiter
478 3618 612 3678 gestarum
622 3644 630 3669 ,
643 3609 743 3663 Alanis.
921 3627 975 3680 quo
984 3619 1073 3662 tamen
1080 3607 1199 3680 jucunde
1209 3605 1324 3661 allicitur
1332 3623 1445 3669 ,amore

398 3687 462 3758 657.
481 3691 517 3748 At
539 3689 642 3754 regina,
663 3683 778 3749 Medea,
798 3706 877 3754 neque
921 3686 1007 3758 abripi
1017 3704 1044 3740 se
1053 3687 1152 3758 patitur
1162 3725 1169 3750 ,
1180 3685 1226 3759 qui
1239 3705 1254 3738 a
1265 3701 1349 3756 parvo
1359 3681 1446 3738 initio

363 3771 427 3818 enim
445 3770 521 3826 deas,
537 3763 665 3837 Cupido,
685 3779 781 3816 arraret
794 3767 876 3834 ignem
922 3767 1017 3820 sensim
1035 3765 1070 3819 ad
1091 3765 1274 3819 incredibilem
1293 3763 1446 3816 vehemen-

365 3850 375 3914 (
381 3847 480 3912 sarem,
493 3863 520 3898 v.
537 3844 715 3914 673),oimm
721 3847 878 3912 persequitur
920 3847 985 3900 tiam
1003 3843 1183 3918 progreditur.
1211 3845 1268 3896 Hoc
1290 3842 1451 3896 illustratur

363 3926 447 3979 oculis
460 3921 631 3988 ardentibus3
644 3927 731 3994 etjam
744 3929 803 3976 loeta
816 3925 876 3974 ime-
921 3925 1139 3997 comparationea
1153 3923 1238 3976 ventis
1252 3921 1401 3993 desumpta.

363 4008 423 4073 gine
437 4023 532 4073 pugna·
552 4007 631 4054 minas
650 4007 793 4072 proesentis,
820 4005 875 4056 ani·
956 4007 1214 4070 664Acvelntante
1230 4021 1331 4060 aornos,
1351 4012 1450 4056 extre.

363 4101 438 4136 mum
451 4083 567 4155 colligit,
582 4083 654 4154 quod
666 4085 791 4136 remotius
805 4083 876 4136 videt
921 4103 964 4137 ma
982 4084 1145 4156 singularum
1164 4081 1289 4134 arborum
1310 4081 1391 4142 folia,
1408 4104 1454 4136 ac

364 4164 483 4234 pralium
494 4204 501 4228 ‚
512 4165 667 4232 tangatque
677 4177 767 4222 metus,
778 4177 803 4214 et
813 4183 875 4230 quas
921 4183 1015 4216 summa
1031 4165 1160 4213 cacumina
1177 4165 1257 4220 silere,
1272 4159 1351 4212 totius
1366 4159 1456 4216 silvae

364 4245 410 4294 alit
424 4246 503 4294 inscia
521 4263 606 4302 ουτω,
625 4243 682 4314 ipsa
697 4261 724 4295 sc
737 4244 877 4313 reprehen·
921 4243 1109 4305 extremitates,
1132 4243 1223 4293 lenibus
1247 4243 1335 4292 alludit
1344 4241 1457 4310 flabris

365 4319 417 4386 dit,
433 4320 503 4392 quod
526 4334 579 4374 tam
598 4322 707 4376 sollicita
724 4321 754 4374 sit
773 4321 805 4375 dc
819 4322 876 4374 viro
922 4326 978 4372 lovis
1000 4327 1087 4372 ,trister
1099 4320 1204 4388 (mollia
1223 4319 1313 4372 trannin
1331 4331 1356 4370 et
1377 4333 1459 4390 apte
