3150 5126
502 541 863 608 ARGONAUTICA.
1156 545 1219 612 313

192 673 316 740 Pontus
334 671 554 762 Hyperboreis
571 697 590 738 a
609 673 781 764 gentibus,
798 689 832 738 et
851 673 1146 760 mare'lllortuum3

193 785 290 854 Unde
307 785 404 852 etiam
422 787 525 852 letum
537 785 685 878 fugiendi
698 787 787 852 nulla
801 786 865 853 luit
879 809 970 878 spes,

192 901 235 968 Ni
250 901 388 992 puppim
400 899 512 967 validis
525 902 661 966 Ancaeus
676 900 801 968 viribus
816 918 935 986 actam,

193 1019 329 1084 Innixus
351 1017 487 1107 pulchra
503 1016 691 1082 temonibus
709 1032 778 1081 arte
795 1015 927 1102 dolatis,

193 1133 316 1199 Dextra
331 1134 489 1223 coegisset
504 1121 636 1197 cursum
653 1153 711 1221 per
727 1131 821 1198 litora
838 1127 932 1197 lerre.
1169 1154 1219 1206 ,ηε

194 1247 327 1314 Prosilit
339 1247 418 1313 hinc
433 1247 575 1340 geminis
584 1243 714 1312 sudanti
727 1246 849 1335 remige
863 1246 998 1335 palmis;

193 1360 257 1427 Sed
272 1360 413 1427 domitos
429 1363 529 1450 longo
545 1382 709 1426 remorum
725 1359 869 1450 denique
882 1361 980 1450 pulsu

193 1472 375 1561 linquebat
383 1475 450 1554 jam
463 1473 547 1540 fessa
565 1487 696 1558 manus,
709 1475 775 1556 jam
791 1475 893 1540 tristia
906 1476 1024 1560 corda,

194 1587 393 1677 Brachioque
407 1589 441 1653 iu
456 1610 576 1654 nexum
593 1589 708 1656 durata
724 1589 832 1655 fronte
846 1591 1021 1680 plicamus3

193 1702 341 1791 Torquet
353 1702 436 1768 dura
449 1703 567 1788 fames,
586 1721 619 1770 et
633 1704 736 1770 sudor
750 1707 873 1772 multus
889 1706 1035 1774 anbelos.
1170 1730 1219 1770 ωσι,

193 1817 280 1882 Tum
293 1818 376 1884 saltu
391 1817 515 1910 rapitur
531 1817 573 1884 de
588 1843 698 1911 puppe
713 1823 871 1905 Auooeus,
888 1839 920 1888 et
936 1845 1051 1889 omues

192 1929 347 2000 Mollibus
366 1933 517 1998 hortatur
532 1933 647 1998 heroas
666 1933 766 2000 fidere
781 1936 898 2002 verbis.

194 2045 262 2127 Qui
279 2061 452 2135 postquam
470 2069 546 2112 cum
562 2070 672 2138 puppe
688 2048 797 2114 locum
815 2067 951 2116 tenuere
971 2052 1164 2141 palustrem,

193 2157 234 2222 lu
255 2181 344 2225 mare
366 2160 407 2227 de
427 2184 555 2226 summa
570 2163 690 2228 saliunt
704 2185 764 2253 per
775 2164 871 2230 litora
885 2166 976 2248 uari,

193 2273 341 2340 Funibus
356 2297 393 2340 ac
409 2275 519 2342 subito
532 2277 638 2366 longis
655 2299 674 2342 a
689 2300 799 2368 puppe
815 2277 958 2344 reductis
1170 2296 1218 2336 ωας
1356 2287 1360 2296 ’

193 2389 348 2455 Extremo
364 2411 523 2455 annexam
539 2389 709 2456 deducunt
723 2391 865 2457 molliter
882 2395 969 2483 Argo

195 2507 300 2596 Argus
318 2520 352 2569 et
370 2507 525 2587 Ancaeus,
541 2505 660 2595 Minyis
676 2505 756 2602 dant
773 2503 891 2572 deiude
904 2505 1058 2573 rudentes

194 2617 393 2684 Tendendos
409 2620 560 2709 reliquis3
580 2621 710 2710 rapiunt
725 2643 785 2711 per
797 2622 895 2686 litora
909 2643 1008 2686 crusu

193 2732 346 2816 Veloces,
363 2734 574 2823 sequiturque
591 2735 662 2800 illos
679 2747 748 2799 uon
766 2734 856 2800 tarda
871 2735 998 2817 carina,

193 2849 451 2938 Stagnantesque
467 2848 572 2914 undas
589 2848 733 2938 lapidoso
750 2849 784 2913 iu
800 2849 895 2914 litore
910 2850 1021 2915 sulcat
1170 2880 1219 2917 109⁰

193 2962 344 3050 Namque
357 2961 437 3028 illud
451 2963 532 3029 nulli
548 2963 670 3027 feriunt
685 2963 882 3052 spirantibus
898 2965 985 3030 auris

194 3075 350 3140 lndomiti
365 3077 497 3167 pelagus
513 3077 601 3142 venti
616 3101 626 3161 ς
643 3093 764 3166 perstat
782 3101 871 3144 mare
885 3077 1038 3160 surdum,

195 3191 356 3281 Dictaque
371 3215 445 3281 pars
458 3192 600 3276 Helices,
614 3207 647 3257 et
659 3192 803 3282 Tethyos
816 3193 929 3258 ultima
941 3194 1043 3284 regui.

239 3307 301 3371 Ast
313 3306 374 3372 ubi
388 3323 475 3373 sexta
492 3306 561 3373 dies
576 3329 670 3373 roseo
687 3329 763 3372 cum
779 3309 903 3374 lumine
924 3309 1029 3392 veuit,

196 3419 353 3486 Venimus
365 3421 407 3487 ad
421 3419 522 3505 dites,
543 3423 699 3511 omnique
716 3445 755 3487 cx
774 3421 991 3512 partebeatos
1170 3438 1219 3490 ¹⁰⁹⁵

197 3535 398 3618 Macrobius,
416 3536 541 3604 Facilem
558 3537 617 3625 qui
630 3537 729 3602 vitam
746 3536 780 3600 in
798 3536 895 3626 longa
908 3537 1074 3602 trahentes

195 3651 329 3733 Secula,
345 3627 496 3717 millenos·
509 3652 647 3741 implent
662 3650 799 3716 feliciter
811 3673 933 3735 anuos,

196 3764 363 3829 Immunes
378 3765 514 3854 vitiique
531 3765 654 3848 omnis,
670 3746 831 3853 sortisque
851 3765 1008 3855 maligue.

196 3884 319 3949 Verum
336 3885 393 3950 ubi
410 3886 519 3952 fatales
534 3903 705 3976 equas-unt
717 3903 864 3976 tempore
880 3886 1009 3968 Parcas,

53 3993 59 4002 ’
195 3997 282 4062 Turn
299 4019 416 4064 somno
436 3998 569 4090 capiunt
585 4015 618 4066 et
635 3999 723 4066 dulci
740 4017 844 4066 morte
863 4000 1016 4090 quietem.

196 4113 273 4177 Nou
290 4111 351 4176 illis
366 4113 540 4178 homiuum
554 4131 633 4179 suut
648 4113 712 4179 ulla
727 4113 855 4204 negotia
872 4135 975 4193 ουτως

198 4225 261 4293 Sed
277 4227 408 4317 capiunt
429 4224 605 4317 dulcesque
622 4229 712 4296 cibos
728 4228 933 4294 ‘terrestribus
949 4225 1076 4306 herbis,
