3192 5138
346 579 409 618 noo
646 553 680 614 C.
705 551 909 616 VALERII
935 553 1123 618 nnec!
1222 627 1225 640 Ι

391 681 569 750 AEsonideu
584 707 591 744 :
606 680 685 769 quid
699 705 733 746 se
748 697 879 746 externa
893 705 953 771 pro
968 681 1093 772 virgine
1109 683 1234 748 clausos

393 799 550 881 Objiciat,
572 795 691 884 quidve
709 797 761 860 illa
784 797 850 886 pati
868 795 1054 862 discrimina
1069 795 1185 886 cogat?

390 911 575 1000 Respiceret
592 911 767 999 pluresque
784 911 924 991 animas,
951 909 1137 998 majoraque
1154 909 1218 974 luta

390 1029 455 1093 'l'ot
468 1026 644 1109 comitum,
663 1026 720 1114 qui
736 1047 804 1090 non
820 1025 930 1108 furtis,
953 1047 1015 1090 nec
1032 1047 1143 1090 amore
1159 1025 1300 1090 nelando
1377 1049 1419 1103 s,-

391 1143 454 1206 Per
466 1141 565 1223 freta,
583 1138 640 1205 sed
654 1139 720 1204 sola
736 1161 807 1204 sese
819 1139 939 1204 virtute
955 1155 1144 1228 sequantur.
1188 1155 1192 1162 '

394 1259 444 1320 An
462 1278 540 1320 vero
547 1303 558 1336 ,
575 1271 612 1320 ut
629 1253 777 1318 thalamis
793 1253 957 1342 raptisque
971 1251 1138 1346 indulgeat
1153 1278 1239 1320 unus

397 1368 565 1461 Conjugiis
576 1369 590 1432 ,Ρ
603 1368 637 1433 id
653 1384 783 1456 tempus
796 1367 883 1432 enim
894 1367 902 1431 l
914 1384 963 1433 sat
975 1369 1092 1433 vellera
1108 1367 1230 1453 Graiis,

392 1485 436 1549 Et
452 1505 547 1573 posse
565 1482 672 1550 oblata
687 1504 884 1570 componere
900 1481 1025 1574 virgine
1040 1483 1174 1550 bellum.

393 1600 569 1688 Quemque
587 1619 661 1662 suas
675 1597 759 1662 sinat
773 1597 821 1662 ire
836 1595 972 1680 domos,
990 1619 1051 1663 nec
1070 1599 1174 1664 Marte
1189 1614 1325 1665 cruento
1375 1623 1416 1676 ιρι

392 1715 556 1803 Europam
573 1729 668 1802 atque
685 1713 794 1778 Asiam
811 1713 915 1801 prima
930 1713 1000 1778 haec
1012 1715 1194 1781 committat
1207 1715 1357 1804 Erinnys.

391 1829 541 1918 Namque
555 1827 667 1891 (latum
683 1827 747 1890 hoc
765 1827 857 1909 fatis,
872 1826 1016 1918 trepidus
1036 1830 1237 1920 supplexque
1257 1831 1394 1896 canebat

391 1943 545 2032 Mopsus,
570 1942 657 2006 utin
676 1964 764 2006 seros
779 1942 864 2006 irent
882 1943 983 2032 magis
1002 1943 1071 2034 ipsa
1089 1961 1239 2034 nepotes,
1291 1985 1295 1990 ·

394 2061 499 2145 Atque
515 2058 595 2121 alius
614 2057 718 2120 lucret
738 2072 802 2119 tam
822 2054 891 2119 dira
907 2055 1055 2122 incendia
1071 2074 1190 2146 raptor.

381 2283 434 2342 ³³7·
446 2279 550 2326 Classes.
560 2277 636 2325 Vatis.
652 2277 705 2324 cod.
722 2303 752 2315 -
769 2277 822 2340 389.
837 2281 913 2325 raes«.
929 2279 1019 2324 Bunou.
1030 2279 1084 2327 cod.
1101 2303 1132 2314 -
1148 2279 1202 2341 390.
1222 2281 1273 2328 Νοιι
1280 2280 1356 2342 ssn'is
1373 2296 1417 2328 nee

241 2353 244 2362 '
352 2377 421 2406 more.
438 2357 514 2405 Vstic.
532 2359 622 2404 Βοιιοιι.
640 2355 710 2402 codd.
728 2358 818 2403 Boron
837 2356 856 2402 1.
873 2355 1002 2416 Nosses-iis
1016 2373 1059 2403 sec
1073 2373 1156 2404 smne.
1169 2361 1259 2406 Bonum
1273 2361 1309 2414 ll,
1328 2369 1353 2407 et
1365 2361 1417 2408 sliu

350 2447 405 2485 snte
422 2437 501 2484 Heius.
519 2463 550 2472 -
570 2435 624 2498 ³96
645 2435 956 2482 communerationem.
977 2437 1109 2483 Commune.
1127 2439 1217 2484 Bonon.
1237 2439 1255 2484 1.
1273 2440 1339 2485 lunt.
1359 2439 1415 2487 ald.

352 2519 486 2564 committet.
497 2517 588 2561 Βοιιοιι.
597 2515 627 2561 ll.
641 2515 684 2560 En.

383 2714 457 2784 387„
468 2713 523 2768 Cur
541 2733 569 2766 se
589 2725 694 2764 externa
701 2749 709 2772 ,
732 2711 858 2775 barbara,
904 2711 959 2764 cios
968 2751 976 2776 ,
985 2715 1162 2764 suassinasr're
1170 2717 1267 2774 domos,
1278 2704 1324 2765 nec
1333 2719 1416 2768 Morte

344 2813 392 2862 pro
401 2796 501 2862 virgins
511 2797 608 2844 clausos
620 2793 734 2860 objiciat,
744 2791 861 2844 obsidio·
904 2804 1002 2843 omento
1012 2795 1135 2860 Europam
1147 2807 1223 2860 atque
1235 2795 1323 2845 Asiam
1333 2798 1415 2862 prima

349 2873 377 2924 ui
391 2869 520 2942 exponat?
532 2873 654 2940 despicias
662 2875 792 2939 pluresque
805 2873 859 2922 ani·
903 2872 957 2920 lsoec
974 2873 1110 2922 commutas
1124 2874 1244 2938 Erinnys,
1263 2871 1416 2937 dissidium,

348 2971 401 3002 mas
410 2951 555 3019 majoraque
560 2952 623 3020 sata
632 2952 795 3009 necaturum.
804 2967 859 3002 non
903 2948 986 3001 furor.
999 2951 1088 3022 Ipsam
1096 2949 1218 3004 Medeam
1228 2951 1360 3024 Erynnios
1368 2971 1416 3008 no·

349 3033 427 3084 unius
437 3029 539 3084 Medea
549 3031 677 3085 rationem
690 3028 858 3094 habendam,
903 3028 975 3080 mine
999 3027 1175 3083 condecorare
1198 3025 1310 3084 voluisse
1329 3031 1414 3104 Argo-

350 3111 383 3164 de
396 3111 449 3164 vita
461 3109 576 3181 plurium
595 3110 707 3181 cogitet,
720 3109 766 3180 qui
779 3113 859 3184 majo·
902 3119 1012 3176 nautas,
1032 3107 1094 3162 sstis
1119 3107 1255 3162 inficetum
1275 3107 1413 3178 videntum

349 3190 422 3242 ribus
430 3190 509 3243 rebus
518 3188 638 3261 gerendis
648 3208 704 3243 sese
714 3187 859 3264 destinave-
902 3185 958 3238 lieri
972 3197 1059 3239 tamen
1071 3188 1171 3260 potuit,
1180 3200 1209 3241 ut
1220 3199 1303 3260 poeto
1317 3190 1413 3243 obser·

349 3270 415 3332 rint,
436 3268 483 3340 qui
507 3286 567 3320 euru
593 3268 699 3339 sequuti
726 3267 777 3320 sint
802 3287 857 3320 uon
901 3277 1001 3318 seretur
1009 3265 1172 3337 VirgiLAEn.
1181 3267 1220 3333 ll,
1234 3268 1296 3338 573,
1308 3267 1352 3321 uhi
1360 3269 1413 3322 lle·

349 3349 447 3402 umoris
467 3348 556 3400 furtivi
580 3345 741 3417 nefandique
764 3363 859 3414 causa,
903 3343 963 3397 lene
974 3348 1053 3414 rmjoe
1063 3361 1086 3397 es
1097 3350 1329 3415 panioecommunis
1344 3351 1414 3400 Erin-

349 3425 395 3479 sed
407 3438 436 3478 ut
453 3425 621 3479 virtutisne
637 3423 794 3478 documenta
810 3424 859 3479 ds·
903 3444 949 3490 nys
960 3423 1067 3478 dicitur.

348 3515 417 3558 rent.
428 3502 607 3557 —Videatur
619 3502 653 3556 ad
668 3503 767 3558 calcem
779 3505 860 3578 hujus
939 3503 999 3573 397.
1020 3509 1136 3573 Nataque
1160 3510 1261 3570 ᾰαιιιιιι,
1285 3505 1413 3562 constitu·

347 3585 410 3638 libri
421 3583 522 3637 notatio
533 3585 592 3654 390.
608 3585 661 3638 Ειι.
906 3593 980 3649 tum,
994 3587 1041 3636 Ιιοο
1049 3585 1115 3653 sas's
1129 3590 1244 3654 Mopsus,
1255 3589 1361 3655 mpidss
1374 3596 1413 3639 ta·

384 3665 494 3734 392.An
512 3685 587 3724 uero,
602 3679 629 3715 us
643 3667 757 3717 thalamis
770 3668 860 3734 raptis·
904 3680 965 3714 men
976 3669 1125 3732 etsupplex,
1136 3665 1412 3731 obtestuuslasonem,

348 3763 396 3812 que
415 3745 546 3810 indstlgeat
562 3763 625 3794 unus
647 3747 791 3814 conjugier
807 3743 859 3796 hoc
903 3759 937 3794 ne
946 3741 973 3795 in
986 3743 1124 3815 proposito
1135 3745 1296 3818 persisteret,
1308 3745 1416 3797 canebat

347 3823 398 3877 sibi
414 3833 516 3884 sumat,
532 3833 561 3873 ut
583 3834 658 3894 raptu
680 3841 740 3876 cnm
759 3822 858 3894 virgine
902 3821 1132 3886 vaticinamus:
1144 3843 1210 3876 seros
1222 3825 1257 3876 ise
1270 3827 1413 3892 mogisipsa

347 3903 451 3974 nuptias
474 3900 604 3955 celebret?
621 3906 650 3953 id
668 3915 759 3970 tempus
777 3905 855 3963 enim,
901 3901 1015 3970 (melius
1025 3905 1086 3964 issa,
1100 3903 1137 3955 uti
1150 3903 1335 3966 Bononiensis,
1345 3907 1412 3954 mala

347 3981 461 4036 scilicet!
476 3986 521 4032 Sat
530 3985 626 4033 vellem
643 3983 736 4040 Graiis,
750 3989 858 4032 conten·
901 3983 1013 4052 nempe)
1028 3984 1073 4048 (—-
1082 3983 1142 4033 Non
1157 3986 1238 4042 mab,
1258 3979 1305 4034 sed
1326 3984 1412 4033 insen·

348 4073 387 4113 tos
406 4079 462 4114 esse
479 4059 567 4113 ablato
585 4061 697 4124 vellere,
714 4051 858 4131 'totumque
901 4062 954 4112 dia.
969 4059 1031 4128 Eo.)
1040 4059 1136 4113 sineret
1145 4076 1253 4128 nepotes,
1265 4075 1338 4128 atque
1349 4063 1413 4110 alites

347 4142 444 4192 bellurn
457 4144 552 4206 orara,
565 4139 666 4192 redditu
680 4142 778 4208 virgine
787 4157 858 4192 corn·
902 4145 979 4191 lueret
990 4154 1041 4190 eam
1052 4141 1106 4190 dim
1123 4142 1238 4191 dicendis
1251 4153 1351 4208 mptor,·
1366 4139 1411 4190 Pa·

347 4221 410 4291 poui
423 4237 510 4290 posse.
903 4219 954 4285 ris,
966 4218 1013 4291 qui
1027 4219 1112 4272 lacem
1124 4219 1186 4272 belli
1199 4219 1333 4292 Europam
1345 4218 1412 4270 inter

384 4297 444 4367 ³95.
457 4303 589 4365 Quomque,
599 4310 624 4350 et
635 4299 775 4370 Absyrtum
785 4311 809 4352 et
819 4317 859 4351 so·
904 4311 931 4350 et
944 4299 1029 4352 Asiam
1044 4299 1145 4371 primus
1159 4297 1313 4352 incensurus
1326 4299 1367 4350 sit.
1377 4326 1411 4337 ·-·
