3124 5132
345 569 738 637 ARGONAUTICON
767 576 852 637 LlB.
873 523 942 638 Vl.¹
1137 579 1176 644 53

155 696 377 782 Anteridens5
391 715 538 787 quotque
555 723 640 766 unus
657 725 776 789 equos,
795 721 875 792 quot
886 705 1039 780 funderet
1052 732 1159 794 arma,

154 814 356 902 Orantesque
370 816 458 879 viros
475 839 572 904 quarn
588 816 696 882 densis
713 835 871 884 sterneret
883 819 999 890 hastis:

153 927 289 1015 Quaque
306 927 425 993 iterum
442 931 539 994 tacito
557 933 672 1020 sparsit
689 956 766 1022 vaga
783 936 907 1001 lumina
924 938 1036 1018 vultu,

154 1045 217 1106 Aut
230 1043 337 1108 fratris
355 1067 521 1132 quaerens,
536 1064 592 1111 aut
605 1048 689 1135 pacti
705 1049 851 1138 conjugis
863 1073 968 1132 arma,
1139 1069 1177 1108 ⁵⁸⁵

154 1158 257 1222 Saevus
273 1158 321 1223 ibi
337 1161 461 1226 miserae
478 1163 632 1252 solusque
649 1166 791 1228 occurrit
808 1166 914 1234 Iason.

155 1273 246 1336 Tunc
260 1273 313 1337 his
328 1297 515 1364 germanam
531 1276 733 1366 aggreditur,
751 1301 813 1343 ceu
825 1281 947 1362 nescia,
961 1279 1073 1348 dictist
1156 1355 1159 1366 ¹

152 1387 274 1470 «Quis,
291 1410 425 1476 precor,
441 1389 511 1472 hic,
531 1405 601 1454 toto
614 1392 681 1472 jam
698 1391 825 1458 dudum
842 1395 965 1458 fervere
985 1419 1099 1487 campo

153 1503 258 1585 Quem
277 1518 386 1586 tueor,
405 1527 568 1594 quemque
586 1509 656 1595 ipsa
673 1507 785 1574 vides?
802 1532 877 1572 nam
900 1525 930 1573 te
948 1534 1080 1600 quoque
1096 1515 1150 1577 tali

152 1617 329 1682 Attonitum
346 1619 466 1684 virtute
485 1621 558 1684 reor
570 1651 593 1685 a.
612 1623 734 1686 Contra
751 1645 862 1711 aspera
874 1626 960 1688 Juno
1138 1649 1180 1699 ⁵9·-

152 1731 266 1796 Reddit
283 1755 381 1822 agens
398 1734 555 1814 stimulis,
571 1758 609 1798 ac
627 1734 706 1804 diris
725 1735 893 1802 fraudibus
912 1755 1026 1828 urget:

152 1846 297 1934 ·lpsum‚
312 1847 373 1928 ait,
388 1845 569 1916 AEsoniden
585 1849 707 1930 cernis,
724 1873 827 1931 soror,
843 1874 972 1940 aequore
987 1869 1078 1918 tanto

142 2055 189 2102 sta
202 2055 299 2104 ndens
313 2072 386 2102 arma.
396 2056 471 2104 vnio.
487 2058 576 2103 Bouou.
593 2057 663 2104 codd.
678 2060 768 2105 Bonon.
784 2060 794 2104 l
810 2062 956 2112 stillant.
974 2065 1058 2112 Mases.
1073 2067 1173 2127 Eugent.

116 2159 140 2172 -·
148 2135 197 2182 583.
208 2137 365 2197 Errantesque
373 2137 443 2181 orror.
454 2135 540 2182 Sabell.
553 2137 671 2182 Palantes.
687 2137 740 2184 did.
754 2140 851 2185 Sisteret
861 2141 940 2188 nutis.
948 2143 1023 2188 Vatic.
1036 2145 1090 2190 cod.
1104 2147 1177 2192 Siste·

115 2217 224 2262 mm.
233 2217 326 2262 Boron.
335 2215 388 2262 cod.
398 2217 510 2302 Bononql
522 2225 545 2262 et
555 2218 592 2270 ll,
604 2227 627 2263 et
639 2217 694 2262 edd.
705 2227 759 2264 ante
768 2219 833 2265 Carr.
847 2221 892 2266 En.

115 2403 230 2476 impetum
250 2405 388 2469 facturus,
404 2428 470 2460 nunc
482 2427 532 2477 qno
545 2411 620 2462 diser·
665 2411 876 2478 senatumne,
891 2417 1034 2482 aggreditur
1041 2416 1127 2478 dictis,¹
1134 2435 1181 2466 cers

114 2505 149 2534 sss
162 2487 250 2542 abires,
262 2485 316 2538 alio
329 2486 392 2540 loco
403 2505 496 2540 manus
511 2507 617 2542 conser-
664 2493 762 2552 nescia,
775 2493 851 2561 quasi
865 2509 918 2543 non
937 2503 1024 2545 nosset
1037 2493 1177 2557 iasonem,

114 2573 180 2615 turus
188 2574 268 2626 estet,
277 2579 337 2616 ante
344 2569 435 2618 videns
443 2605 451 2628 ‚
460 2567 617 2641 conjiciens,
663 2569 762 2642 optime
774 2581 864 2622 autem
878 2583 997 2624 noverat.

113 2642 255 2712 suspicans,
264 2659 409 2712 qunteqnns
418 2665 497 2707 unm,
508 2659 617 2714 qnctar-
699 2649 759 2718 ⁵9⁰·
774 2653 863 2701 Contra
878 2656 944 2700 luno
961 2669 1068 2717 aspera,
1083 2649 1177 2703 crude·

113 2724 281 2790 aasrnderet,
294 2722 399 2784 lanceas
414 2724 531 2780 hostium
545 2726 618 2784 iran·
661 2727 693 2781 lis
703 2727 766 2780 satis
778 2764 786 2791 ,
799 2745 857 2799 qun
867 2727 985 2780 animum
1000 2727 1108 2798 virginis
1118 2747 1179 2802 per-

112 2811 191 2870 geret,
210 2820 285 2866 qaam
302 2805 400 2866 densis,
417 2803 511 2861 crebro
522 2805 619 2878 repeti·
662 2807 799 2862 turbatum
812 2807 894 2878 magis
906 2806 1059 2878 instigaret,
1069 2825 1100 2860 ac
1116 2810 1176 2862 diris

113 2881 239 2942 sinistris
248 2883 318 2932 uiros
331 2897 450 2934 sterneret
459 2897 574 2945 ornnt0s5
586 2902 618 2936 eo
655 2887 789 2958 fraudibus
801 2902 913 2955 urgeret,
928 2883 984 2939 heo
995 2885 1075 2938 verba
1085 2891 1177 2948 reddit,

113 2958 199 3030 adigit,
211 2969 240 3008 ut
248 2959 283 3012 de
293 2961 346 3012 rita
360 2959 547 3032 supplicentur.
662 2963 804 3037 respondet
812 2965 864 3029 ita,
875 2976 905 3016 nt
915 2963 1017 3016 Jasonis
1027 2962 1117 3018 laudes
1126 2965 1180 3022 cal·

144 3039 201 3106 ⁵84.
221 3046 327 3108 Qrsaque
340 3043 425 3092 iterum
438 3044 512 3092 tacito
530 3044 619 3110 sparsit
662 3043 715 3100 lide
727 3056 831 3117 augeat.

113 3137 174 3186 wgo
184 3122 281 3174 lumina
296 3123 383 3178 vuius,
396 3120 418 3170 si
435 3118 543 3190 quaudo
556 3137 619 3172 ocu·
698 3125 758 3196 592.
768 3131 850 3193 Ipsum
861 3126 996 3176 AEsonr'den
1007 3127 1102 3182 cernis,
1119 3123 1175 3175 lau·

112 3193 146 3248 los
154 3199 203 3253 alio
213 3197 377 3253 circumtulit
387 3235 395 3262 ,
406 3197 451 3251 sed
468 3203 552 3260 tacito,
563 3217 617 3252 non
661 3202 779 3256 dandum
789 3221 850 3256 enm
862 3201 888 3254 1⁰
897 3203 933 3255 ob
944 3213 1095 3274 susceptum
1105 3203 1172 3254 tanti

112 3275 142 3328 'aa
156 3277 271 3352 cupido,
291 3277 402 3349 fugitivo
420 3283 511 3339 oulen,
535 3279 618 3332 animi
662 3283 774 3354 periculi
786 3283 969 3350 iter3aeqnore
980 3297 1059 3344 tanto,
1075 3300 1123 3352 per
1138 3293 1177 3336 tot

111 3359 201 3411 alicua
222 3359 300 3412 vultu
317 3375 457 3430 expresso,
478 3375 521 3411 sut
527 3360 618 3429 fratris
662 3362 761 3427 maris,
776 3363 858 3413 debita
876 3360 1043 3432 cognationis
1053 3362 1113 3432 jure
1125 3364 1178 3411 vel-

111 3437 208 3510 Ahsyrti
218 3458 334 3506 quarens
344 3475 351 3498 ,
362 3451 407 3488 aut
414 3441 487 3504 pacti
494 3441 616 3508 nonjtsgis,
663 3445 715 3492 iarn
726 3443 820 3502 Pirrraei
831 3440 927 3510 repetit
942 3458 950 3503 ;
970 3439 998 3492 ι’
1005 3443 1039 3492 ob
1057 3439 1179 3492 nobilita·

111 3519 192 3587 sponsi
204 3517 287 3580 Suri,
301 3537 386 3576 arma,
402 3535 444 3568 res
457 3518 491 3570 ab
504 3529 619 3588 utroque
662 3531 716 3572 tem
731 3519 847 3592 generis:
868 3537 914 3570 nec
930 3517 996 3570 nnnc
1014 3521 1089 3570 tande
1107 3520 1176 3586 prior

111 3595 206 3651 fortiter
216 3598 458 3668 gestas‚soevnsibi
469 3599 564 3650 missroe
577 3618 619 3648 so·
662 3603 772 3667 generis,
791 3619 836 3650 nso
857 3599 987 3665 sangrunis
1011 3617 1114 3665 usquam
1139 3597 1179 3663 (si

110 3678 191 3742 tuque
206 3677 315 3726 caninis
327 3681 415 3728 tason.
427 3675 560 3728 Jnnxerim
573 3695 621 3730 str-
665 3685 718 3750 qtra
728 3678 830 3750 generis
843 3687 870 3729 et
883 3676 1018 3747 sanguinis
1028 3675 1178 3729 differentia

107 3775 156 3806 nni
168 3761 268 3808 niseroe
276 3794 284 3816 ,
293 3755 345 3808 hoc
357 3773 452 3808 sensu:
467 3756 551 3810 solum
564 3775 621 3830 spe·
665 3755 807 3830 querenda
815 3756 862 3820 sil,
873 3755 1041 3826 quodtnmen
1051 3774 1104 3808 non
1112 3751 1179 3806 adeo

107 3847 157 3886 ctat
168 3855 247 3898 enm,
264 3835 312 3906 qni
330 3847 421 3888 tamen
439 3854 499 3889 mox
519 3836 569 3906 ipsi
582 3847 621 3889 tot
665 3834 841 3890 necessarium
861 3850 916 3886 esse
934 3833 1048 3900 videtur,
1071 3830 1178 3896 accede·

106 3931 227 3966 tuarum
246 3929 326 3984 atque
343 3913 520 3986 periculorum
538 3933 619 3970 cansa
663 3933 719 3968 rem
733 3914 869 3977 Hunno,
883 3913 930 3986 qni
948 3913 998 3966 ita:
1012 3929 1089 3966 nemo
1107 3911 1177 3963 inter

105 3991 207 4045 futurus
220 3993 486 4071 sit-Praepropere,
500 4005 528 4046 ut
541 3993 618 4047 nobis
662 4007 810 4068 pugnantes
820 3995 921 4068 majore
933 3991 1012 4046 laude
1024 3990 1131 4066 generis
1139 4008 1179 4042 or-

105 4071 390 4143 videmwagnerus
404 4071 438 4125 de
453 4073 556 4126 Jasonis
574 4091 619 4126 ste·
664 4084 757 4145 tusqne
776 4073 928 4127 nobilitatus
949 4083 974 4124 et
995 4071 1100 4127 celeber
1120 4080 1177 4134 est,

105 4149 166 4202 vitia
174 4169 248 4203 nune
257 4152 355 4222 cogitat
365 4169 372 4203 :
382 4171 472 4213 savus,
482 4152 534 4206 hoe
544 4152 618 4214 loco,
664 4171 742 4205 nemo
754 4153 858 4206 arctiori
872 4148 1074 4205 necessitudinis
1090 4148 1179 4201 vincu-

105 4227 176 4280 idcm
186 4229 306 4301 estquod
316 4233 439 4282 terribilis,
449 4231 499 4282 En.
664 4231 691 4283 lo
708 4231 785 4284 nobis
798 4227 973 4303 junctus);3⁰
985 4227 1020 4280 ob
1033 4226 1179 4299 pulchritu-

142 4307 202 4378 587.
219 4309 621 4376 Tauriisgsrmnnarn,sitnulas
666 4307 775 4374 dinemt
804 4313 903 4373 Miluus
933 4311 997 4358 inter
1019 4325 1179 4374 proten-sque
1201 4317 1203 4320 '
