3192 5138
337 851 1110 984 ARGONAUTICON

455 1131 642 1214 LIBER
679 1131 980 1228 DECIMUS,

403 1367 500 1509 nx
538 1363 1038 1492 APOLLONIO,

493 1607 813 1676 INTERPRETE
845 1607 945 1674 Plo.

453 1827 958 1864 ——w-——m

226 2019 378 2120 lurum
394 2052 557 2143 Superum
572 2054 671 2118 lenita
683 2053 857 2120 Thessalus
870 2054 934 2136 ira,

224 2167 430 2258 Ememoqne
448 2169 545 2251 mari,
562 2169 736 2257 luctusque
752 2169 884 2259 ignarus
900 2171 995 2234 lason

224 2282 373 2348 Obvertit
390 2306 537 2373 proram,
552 2301 585 2350 et
608 2285 797 2351 melioribus
815 2285 942 2374 appulit
955 2284 1031 2348 oris.

224 2398 285 2462 llic
303 2398 416 2464 molles
432 2399 518 2464 inter
532 2401 674 2489 populos
689 2401 844 2466 libamina
861 2398 943 2464 divis

222 2511 362 2576 Porricit
379 2512 550 2598 Alcinous3
575 2514 649 2601 qui,
667 2514 733 2578 visa
751 2513 902 2580 cominus
919 2515 1024 2604 Argo,
1240 2529 1254 2588 ὅ,

222 2627 265 2691 Et
281 2625 365 2692 duce
381 2625 507 2694 sidereo
518 2628 690 2715 ,medium
709 2651 807 2717 quem
822 2630 903 2694 lecta
917 2631 1072 2710 juventus

222 2741 371 2806 Ducebat
390 2743 474 2833 regis
491 2741 648 2832 placidam
664 2745 764 2810 felicis
782 2743 823 2809 ad
843 2743 977 2824 urbem,
1100 2729 1107 2743 “

222 2855 370 2935 Gaudet,
390 2873 423 2923 et
440 2857 583 2946 hospitio
600 2861 690 2925 laetus
705 2859 846 2947 suscepit
858 2857 973 2922 amico.

219 2969 391 3036 Phaeacum
405 2971 497 3062 plebs
514 2973 584 3038 laeta
598 2975 669 3038 viro
687 2989 753 3058 est,
765 2973 902 3062 festique
919 2973 1036 3036 favoris

219 3085 316 3177 Signa
333 3104 443 3176 parat,
462 3087 552 3157 laetos
565 3091 673 3180 ignes,
690 3113 865 3179 ramosque
878 3090 1019 3154 virentes

223 3201 375 3268 Postibus
393 3203 550 3294 imponit,
573 3205 773 3294 choreasque
789 3221 822 3270 et
835 3205 977 3269 carmina
993 3202 1085 3268 ludit.

262 3319 353 3382 luter
369 3319 493 3384 laetitias
512 3336 545 3384 et
560 3320 648 3385 festae
667 3343 803 3386 munera
821 3343 940 3384 mensae

220 3433 331 3523 Surgit
343 3435 444 3500 amari
460 3434 604 3523 aliquid:
620 3437 818 3502 Colchorum
835 3435 957 3513 classis,
973 3449 1005 3498 et
1023 3434 1137 3524 ingens

218 3545 319 3613 AEetae
335 3533 495 3638 populus,
516 3551 641 3640 magnis
661 3549 858 3616 clamoribus
876 3565 980 3614 actam

217 3661 374 3753 Soligenae
390 3677 498 3728 natam
519 3663 691 3730 Phaeacum
709 3665 743 3728 in
757 3663 830 3746 jura
845 3679 1031 3753 reposcunt.
1225 3679 1245 3717 ιε

217 3775 273 3842 Vis
288 3778 388 3842 animi
407 3777 507 3844 trucis
522 3794 555 3843 et
567 3800 692 3861 mores,
707 3794 740 3844 et
754 3777 891 3844 barbara
904 3774 1023 3858 corda,

216 3894 255 3958 ln
268 3893 392 3960 bellum
414 3893 579 3984 firmasque
594 3908 720 3977 rotant3
738 3893 911 3960 decernere
925 3893 1012 3958 ferro

216 4009 292 4073 Fert
308 4009 456 4076 animus:
473 4008 532 4076 sed
545 4025 671 4098 sceptra
685 4025 799 4074 tenens
813 4007 988 4075 certamina
1001 4021 1089 4072 tanta

216 4123 372 4188 Alcinous
389 4122 529 4208 dirimit,
543 4122 698 4213 sedatque
714 4124 850 4189 immitia
867 4138 980 4210 coepta.

216 4237 274 4302 llis
290 4237 423 4304 Colchis
439 4238 567 4304 turbata
584 4238 691 4320 malis,
713 4239 874 4304 stimulata
891 4238 1001 4302 furore
