3150 5126
378 517 440 579 322
621 509 799 575 ORPHEl
831 509 1188 575 ARG-ONAUTIGA.

420 643 561 731 Excipit,
580 657 617 704 ut
629 639 765 704 referam
782 641 906 729 magnis
926 663 1012 706 sacra
1027 641 1156 730 regibus
1172 643 1265 724 Orci,

420 758 515 822 Vasta
530 755 649 844 quihus
665 769 778 844 parcnt
793 755 941 818 immensi
957 755 1093 818 claustra
1114 755 1262 820 barathri.
1388 781 1441 820 ns.

418 867 497 934 lnde
510 867 594 932 celer
610 867 686 954 petii
698 867 843 930 Thracen
858 889 917 954 per
931 889 1056 932 summa
1073 869 1214 934 nivosam

418 981 583 1046 Libethras
598 979 741 1070 gaudens
755 997 872 1044 terram
887 981 1027 1070 tetigisse
1042 999 1218 1070 paternam.

417 1095 477 1158 Hic
496 1107 626 1158 antrum
644 1092 729 1156 subii
745 1081 955 1180 peramabile,
974 1092 1140 1182 splendida
1158 1119 1225 1182 quo
1241 1119 1292 1160 me

415 1206 555 1272 Protulit
569 1207 697 1296 OEagro
713 1221 814 1270 mater
828 1207 995 1271 commista
1013 1210 1149 1294 potenti.

639 1524 1184 1560 --ῴ-

411 1915 455 1979 Ν.
474 1913 509 1976 B.
534 1913 627 1976 Hanc
652 1909 774 1998 Orphei
796 1909 1036 1997 Argonauticon
1058 1911 1240 1976 versionem
1265 1913 1430 1980 Leodrisio

367 2032 517 2114 Cribello,
529 2029 774 2110 Mediolanensi,
791 2028 906 2092 tribuit
925 2029 1148 2113 Burr'uannus3
1170 2031 1243 2097 vide
1256 2033 1432 2101 Burmann.

371 2151 491 2241 prrefat.
502 2150 550 2231 11,
565 2163 683 2213 nostrae
698 2145 775 2211 edit.
790 2161 871 2209 tom.
888 2146 922 2226 l,
935 2168 1007 2234 pag.
1023 2146 1085 2212 CL.
1101 2146 1249 2213 Graecum
1266 2167 1433 2216 auctorem

371 2285 506 2334 autnon
524 2267 637 2358 legisse
649 2266 742 2345 Pius,
758 2280 814 2327 aut
830 2286 897 2327 non
916 2263 1109 2328 intellexisse
1120 2265 1214 2330 nohis
1225 2265 1362 2349 ridetur,
1375 2271 1433 2358 qui

371 2387 498 2452 Latiam
515 2379 619 2472 lyra'm
633 2380 718 2470 (vide
736 2403 833 2470 supra
849 2403 921 2470 pag.
935 2379 1011 2468 274)
1025 2383 1155 2470 gravius
1166 2395 1277 2448 tonare
1287 2401 1316 2450 et
1331 2389 1434 2474 magis

372 2507 528 2570 Ιιειυίειιιιι
545 2500 745 2591 pronuntiat.
766 2499 873 2581 Quam
889 2499 1071 2564 versionem
1086 2521 1187 2588 quum
1201 2503 1285 2592 typis
1301 2505 1433 2568 manda.

373 2645 498 2704 remus,
514 2642 552 2684 ac
574 2641 635 2708 pro
659 2633 769 2682 nostra
788 2615 955 2705 diligentia
977 2638 1052 2680 cum
1075 2639 1179 2708 graeco
1203 2635 1295 2685 textu
1317 2621 1432 2688 sedulo

373 2740 614 2819 conferremus,
631 2750 696 2800 tam
715 2732 904 2798 mendosam
921 2733 1117 2823 reperimus,
1146 2751 1183 2799 ut
1204 2735 1361 2828 integram
1384 2763 1431 2805 re·

375 2859 495 2947 fingere
512 2855 639 2920 animus
657 2851 852 2934 sollicitaret,
867 2851 929 2915 nisi
943 2868 1072 2941 urgeret
1084 2869 1222 2942 tempus,
1233 2877 1431 2946 omnemque

377 2997 499 3040 moram
520 2975 603 3037 circa
624 2967 827 3034 secundarios
849 2983 955 3058 partes
973 2987 1134 3034 recusaret
1156 2974 1260 3062 operis
1278 2977 1431 3065 praecipui

376 3097 468 3176 ratio,
487 3089 642 3181 propositi
663 3087 759 3170 fides,
785 3109 823 3150 ac
839 3087 987 3175 promissi
1003 3089 1192 3156 constantia.
1210 3091 1305 3156 Plura
1320 3110 1430 3159 tameu

374 3219 463 3294 100³,
484 3231 555 3298 quse
578 3205 628 3270 vel
645 3204 788 3286 nullum,
805 3205 855 3268 vel
878 3202 1054 3268 absurdum
1080 3228 1230 3295 prorsus,
1248 3211 1429 3279 efficiebant

374 3353 517 3411 sensum,
533 3326 638 3392 obiter
654 3321 905 3404 emendavimus,
921 3321 1025 3388 donec
1040 3345 1058 3387 e
1073 3324 1216 3392 studiosa
1229 3329 1429 3396 literatorum

377 3467 472 3544 gente
486 3444 601 3534 aliquis
615 3441 747 3516 oriatur,
761 3440 819 3527 qui
836 3439 983 3528 Orphea,
996 3442 1063 3507 sive
1073 3443 1234 3524 Latinum,
1247 3448 1314 3513 sive
1332 3451 1428 3518 Galli-

374 3593 460 3648 cum,
470 3566 605 3655 dignum
615 3560 726 3626 saltem
740 3559 851 3624 Graeco
865 3573 943 3622 tunc
953 3559 1086 3628 demum
1102 3563 1200 3630 literis
1210 3568 1360 3654 proferat.
1368 3571 1427 3636 En.
