<?xml version="1.0" encoding="UTF-8"?>
<!DOCTYPE html PUBLIC "-//W3C//DTD XHTML 1.0 Transitional//EN"
    "http://www.w3.org/TR/xhtml1/DTD/xhtml1-transitional.dtd">
<html xmlns="http://www.w3.org/1999/xhtml" xml:lang="en" lang="en">
 <head>
  <title>
</title>
<meta http-equiv="Content-Type" content="text/html;charset=utf-8" />
  <meta name='ocr-system' content='tesseract 3.04.00' />
  <meta name='ocr-capabilities' content='ocr_page ocr_carea ocr_par ocr_line ocrx_word'/>
</head>
<body>
  <div class='ocr_page' id='page_1' title='image "./cvaleriiflaccis01apolgoog_0222.png"; bbox 0 0 3192 5138; ppageno 0'>
   <div class='ocr_carea' id='block_1_1' title="bbox 385 535 1217 609">
    <p class='ocr_par' dir='ltr' id='par_1_1' title="bbox 385 535 1217 609">
     <span class='ocr_line' id='line_1_1' title="bbox 385 535 1217 609; baseline 0.008 -7"><span class='ocrx_word' id='word_1_1' title='bbox 385 535 513 602; x_wconf 62' lang='lat' dir='ltr'><strong>No‘vl</strong></span> <span class='ocrx_word' id='word_1_2' title='bbox 547 536 796 604; x_wconf 86' lang='lat' dir='ltr'>EDITORIS</span> <span class='ocrx_word' id='word_1_3' title='bbox 825 537 985 606; x_wconf 82' lang='lat' dir='ltr'><strong>NOTAE.</strong></span> <span class='ocrx_word' id='word_1_4' title='bbox 1157 553 1217 609; x_wconf 78' lang='lat'><strong>221¹</strong></span> 
     </span>
    </p>
   </div>
   <div class='ocr_carea' id='block_1_2' title="bbox 124 651 1232 2464">
    <p class='ocr_par' dir='ltr' id='par_1_2' title="bbox 124 651 1232 2464">
     <span class='ocr_line' id='line_1_2' title="bbox 154 651 1221 724; baseline 0.004 -18"><span class='ocrx_word' id='word_1_5' title='bbox 154 670 268 724; x_wconf 83' lang='lat' dir='ltr'><strong>quornm</strong></span> <span class='ocrx_word' id='word_1_6' title='bbox 283 660 434 704; x_wconf 85' lang='lat' dir='ltr'><strong>commenta</strong></span> <span class='ocrx_word' id='word_1_7' title='bbox 448 665 531 718; x_wconf 84' lang='lat' dir='ltr'><strong>quum</strong></span> <span class='ocrx_word' id='word_1_8' title='bbox 549 667 704 704; x_wconf 87' lang='lat' dir='ltr'><strong>enumerare</strong></span> <span class='ocrx_word' id='word_1_9' title='bbox 721 651 830 724; x_wconf 80' lang='lat' dir='ltr'><strong>longum</strong></span> <span class='ocrx_word' id='word_1_10' title='bbox 849 663 931 718; x_wconf 84' lang='lat' dir='ltr'><strong>esset,</strong></span> <span class='ocrx_word' id='word_1_11' title='bbox 945 669 975 705; x_wconf 81' lang='lat' dir='ltr'><strong>ss</strong></span> <span class='ocrx_word' id='word_1_12' title='bbox 989 662 1079 705; x_wconf 85' lang='lat' dir='ltr'><strong>tamen</strong></span> <span class='ocrx_word' id='word_1_13' title='bbox 1091 653 1221 722; x_wconf 79' lang='lat' dir='ltr'><strong>afferam,</strong></span> 
     </span>
     <span class='ocr_line' id='line_1_3' title="bbox 155 731 1223 813; baseline 0.003 -24"><span class='ocrx_word' id='word_1_14' title='bbox 155 756 214 808; x_wconf 83' lang='lat' dir='ltr'><strong>quas</strong></span> <span class='ocrx_word' id='word_1_15' title='bbox 228 737 314 790; x_wconf 87' lang='lat' dir='ltr'><strong>locem</strong></span> <span class='ocrx_word' id='word_1_16' title='bbox 332 731 477 807; x_wconf 84' lang='lat' dir='ltr'><strong>qnamdam</strong></span> <span class='ocrx_word' id='word_1_17' title='bbox 490 731 629 788; x_wconf 78' lang='lat' dir='ltr'><strong>affundens</strong></span> <span class='ocrx_word' id='word_1_18' title='bbox 644 733 777 788; x_wconf 84' lang='lat' dir='ltr'><strong>videntur.</strong></span> <span class='ocrx_word' id='word_1_19' title='bbox 793 737 827 789; x_wconf 90' lang='lat' dir='ltr'><strong>Et</strong></span> <span class='ocrx_word' id='word_1_20' title='bbox 840 736 964 790; x_wconf 84' lang='lat' dir='ltr'><strong>Heinsius</strong></span> <span class='ocrx_word' id='word_1_21' title='bbox 980 735 1085 808; x_wconf 85' lang='lat' dir='ltr'><strong>quidem</strong></span> <span class='ocrx_word' id='word_1_22' title='bbox 1099 741 1223 813; x_wconf 81' lang='lat' dir='ltr'><strong>conjicit,</strong></span> 
     </span>
     <span class='ocr_line' id='line_1_4' title="bbox 155 817 1223 890; baseline 0.005 -18"><span class='ocrx_word' id='word_1_23' title='bbox 155 823 214 874; x_wconf 84' lang='lat' dir='ltr'><strong>vei:</strong></span> <span class='ocrx_word' id='word_1_24' title='bbox 235 828 330 888; x_wconf 79' lang='lat' dir='ltr'><em>Perque</em></span> <span class='ocrx_word' id='word_1_25' title='bbox 343 833 408 870; x_wconf 82' lang='lat' dir='ltr'><strong>rates</strong></span> <span class='ocrx_word' id='word_1_26' title='bbox 422 820 525 884; x_wconf 75' lang='lat' dir='ltr'><strong>supple-&#39;c</strong></span> <span class='ocrx_word' id='word_1_27' title='bbox 538 821 559 868; x_wconf 87' lang='lat' dir='ltr'><strong>r&#39;t</strong></span> <span class='ocrx_word' id='word_1_28' title='bbox 573 817 672 888; x_wconf 48' lang='lat' dir='ltr'><strong>remrssp&#39;r&#39;,</strong></span> <span class='ocrx_word' id='word_1_29' title='bbox 689 834 714 871; x_wconf 83' lang='lat' dir='ltr'><strong>er</strong></span> <span class='ocrx_word' id='word_1_30' title='bbox 730 823 786 870; x_wconf 80' lang='lat' dir='ltr'><strong>r‘rrde</strong></span> <span class='ocrx_word' id='word_1_31' title='bbox 804 824 942 890; x_wconf 65' lang='lat' dir='ltr'><strong>magistriu</strong></span> <span class='ocrx_word' id='word_1_32' title='bbox 956 820 1014 886; x_wconf 79' lang='lat' dir='ltr'><strong>vel,</strong></span> <span class='ocrx_word' id='word_1_33' title='bbox 1031 825 1077 872; x_wconf 80' lang='lat' dir='ltr'><strong>Ter</strong></span> <span class='ocrx_word' id='word_1_34' title='bbox 1088 839 1176 890; x_wconf 73' lang='lat' dir='ltr'><strong>preater</strong></span> <span class='ocrx_word' id='word_1_35' title='bbox 1186 826 1223 877; x_wconf 79' lang='lat' dir='ltr'><strong>tis</strong></span> 
     </span>
     <span class='ocr_line' id='line_1_5' title="bbox 155 901 1223 974; baseline 0.005 -18"><span class='ocrx_word' id='word_1_36' title='bbox 155 908 258 972; x_wconf 71' lang='lat' dir='ltr'><strong>supplex</strong></span> <span class='ocrx_word' id='word_1_37' title='bbox 278 923 333 955; x_wconf 77' lang='lat' dir='ltr'><strong>vox</strong></span> <span class='ocrx_word' id='word_1_38' title='bbox 353 904 424 971; x_wconf 70' lang='lat' dir='ltr'><strong>eripit</strong></span> <span class='ocrx_word' id='word_1_39' title='bbox 443 903 487 952; x_wconf 77' lang='lat' dir='ltr'><strong>itta</strong></span> <span class='ocrx_word' id='word_1_40' title='bbox 508 905 647 970; x_wconf 73' lang='lat' dir='ltr'><strong>mgistrns.</strong></span> <span class='ocrx_word' id='word_1_41' title='bbox 664 901 813 957; x_wconf 86' lang='lat' dir='ltr'><strong>Withofins</strong></span> <span class='ocrx_word' id='word_1_42' title='bbox 830 905 1089 974; x_wconf 78' lang='lat' dir='ltr'><strong>(krits&#39;eebeAnmer-k.</strong></span> <span class='ocrx_word' id='word_1_43' title='bbox 1102 905 1223 961; x_wconf 83' lang='lat' dir='ltr'><strong>Diisseld.</strong></span> 
     </span>
     <span class='ocr_line' id='line_1_6' title="bbox 160 985 1224 1058; baseline 0.002 -17"><span class='ocrx_word' id='word_1_44' title='bbox 160 1005 237 1058; x_wconf 85' lang='lat'><strong>1799,</strong></span> <span class='ocrx_word' id='word_1_45' title='bbox 260 993 294 1038; x_wconf 79' lang='lat' dir='ltr'><strong>St.</strong></span> <span class='ocrx_word' id='word_1_46' title='bbox 305 986 333 1049; x_wconf 85' lang='lat'><strong>5,</strong></span> <span class='ocrx_word' id='word_1_47' title='bbox 354 991 379 1038; x_wconf 89' lang='lat' dir='ltr'><strong>S.</strong></span> <span class='ocrx_word' id='word_1_48' title='bbox 391 985 462 1052; x_wconf 69' lang='grc'><strong>48);</strong></span> <span class='ocrx_word' id='word_1_49' title='bbox 483 989 575 1052; x_wconf 80' lang='lat' dir='ltr'><em>Perque</em></span> <span class='ocrx_word' id='word_1_50' title='bbox 594 1000 660 1037; x_wconf 78' lang='lat' dir='ltr'><strong>rates</strong></span> <span class='ocrx_word' id='word_1_51' title='bbox 680 989 784 1054; x_wconf 73' lang='lat' dir='ltr'><strong>supplex</strong></span> <span class='ocrx_word' id='word_1_52' title='bbox 797 989 869 1038; x_wconf 74' lang='lat' dir='ltr'><strong>solat</strong></span> <span class='ocrx_word' id='word_1_53' title='bbox 883 999 908 1037; x_wconf 81' lang='lat' dir='ltr'><strong>et</strong></span> <span class='ocrx_word' id='word_1_54' title='bbox 919 987 1012 1053; x_wconf 80' lang='lat' dir='ltr'><strong>premit</strong></span> <span class='ocrx_word' id='word_1_55' title='bbox 1028 989 1069 1038; x_wconf 82' lang='lat' dir='ltr'><strong>ille</strong></span> <span class='ocrx_word' id='word_1_56' title='bbox 1087 992 1224 1057; x_wconf 71' lang='lat' dir='ltr'><strong>magistros.</strong></span> 
     </span>
     <span class='ocr_line' id='line_1_7' title="bbox 157 1066 1225 1143; baseline 0.004 -19"><span class='ocrx_word' id='word_1_57' title='bbox 157 1072 247 1126; x_wconf 76' lang='lat' dir='ltr'><strong>Liceat</strong></span> <span class='ocrx_word' id='word_1_58' title='bbox 258 1083 285 1123; x_wconf 83' lang='lat' dir='ltr'><strong>et</strong></span> <span class='ocrx_word' id='word_1_59' title='bbox 295 1069 363 1122; x_wconf 86' lang='lat' dir='ltr'><strong>mibi</strong></span> <span class='ocrx_word' id='word_1_60' title='bbox 374 1067 509 1122; x_wconf 83' lang='lat' dir='ltr'><strong>hariolari.</strong></span> <span class='ocrx_word' id='word_1_61' title='bbox 526 1066 598 1133; x_wconf 83' lang='lat' dir='ltr'><strong>Quid</strong></span> <span class='ocrx_word' id='word_1_62' title='bbox 613 1069 637 1122; x_wconf 88' lang='lat' dir='ltr'><strong>si</strong></span> <span class='ocrx_word' id='word_1_63' title='bbox 650 1069 738 1140; x_wconf 79' lang='lat' dir='ltr'><strong>legas:</strong></span> <span class='ocrx_word' id='word_1_64' title='bbox 752 1074 848 1137; x_wconf 81' lang='lat' dir='ltr'><strong>Perque</strong></span> <span class='ocrx_word' id='word_1_65' title='bbox 862 1083 927 1120; x_wconf 77' lang='lat' dir='ltr'><strong>rates</strong></span> <span class='ocrx_word' id='word_1_66' title='bbox 938 1088 990 1120; x_wconf 85' lang='lat' dir='ltr'><strong>una</strong></span> <span class='ocrx_word' id='word_1_67' title='bbox 1005 1084 1041 1120; x_wconf 81' lang='lat' dir='ltr'><strong>ese</strong></span> <span class='ocrx_word' id='word_1_68' title='bbox 1053 1088 1103 1124; x_wconf 82' lang='lat' dir='ltr'><strong>vox</strong></span> <span class='ocrx_word' id='word_1_69' title='bbox 1118 1072 1225 1143; x_wconf 74' lang='lat' dir='ltr'><strong>remigis</strong></span> 
     </span>
     <span class='ocr_line' id='line_1_8' title="bbox 158 1146 1227 1222; baseline 0.002 -19"><span class='ocrx_word' id='word_1_70' title='bbox 158 1168 232 1220; x_wconf 79' lang='lat' dir='ltr'><strong>atque</strong></span> <span class='ocrx_word' id='word_1_71' title='bbox 246 1153 375 1220; x_wconf 60' lang='lat' dir='ltr'><strong>mpero-i?</strong></span> <span class='ocrx_word' id='word_1_72' title='bbox 384 1151 416 1202; x_wconf 89' lang='lat' dir='ltr'><strong>In</strong></span> <span class='ocrx_word' id='word_1_73' title='bbox 429 1165 484 1220; x_wconf 86' lang='lat' dir='ltr'><strong>qno</strong></span> <span class='ocrx_word' id='word_1_74' title='bbox 495 1146 518 1200; x_wconf 90' lang='lat' dir='ltr'><strong>si</strong></span> <span class='ocrx_word' id='word_1_75' title='bbox 528 1146 610 1202; x_wconf 82' lang='lat' dir='ltr'><strong>falsus</strong></span> <span class='ocrx_word' id='word_1_76' title='bbox 624 1165 684 1201; x_wconf 82' lang='lat' dir='ltr'><strong>snm</strong></span> <span class='ocrx_word' id='word_1_77' title='bbox 694 1187 702 1214; x_wconf 88' lang='lat'><strong>,</strong></span> <span class='ocrx_word' id='word_1_78' title='bbox 713 1157 810 1222; x_wconf 71' lang='grc' dir='ltr'>πρῶτον</span> <span class='ocrx_word' id='word_1_79' title='bbox 820 1146 909 1220; x_wconf 59' lang='lat' dir='ltr'><strong>osidae</strong></span> <span class='ocrx_word' id='word_1_80' title='bbox 921 1148 947 1201; x_wconf 88' lang='lat' dir='ltr'><strong>in</strong></span> <span class='ocrx_word' id='word_1_81' title='bbox 959 1165 992 1200; x_wconf 82' lang='lat' dir='ltr'><strong>eo</strong></span> <span class='ocrx_word' id='word_1_82' title='bbox 1004 1147 1065 1214; x_wconf 81' lang='lat' dir='ltr'><strong>fuit,</strong></span> <span class='ocrx_word' id='word_1_83' title='bbox 1076 1163 1106 1203; x_wconf 87' lang='lat' dir='ltr'><strong>nt</strong></span> <span class='ocrx_word' id='word_1_84' title='bbox 1117 1150 1168 1205; x_wconf 86' lang='lat' dir='ltr'><strong>bac</strong></span> <span class='ocrx_word' id='word_1_85' title='bbox 1180 1151 1227 1206; x_wconf 88' lang='lat' dir='ltr'><strong>tali</strong></span> 
     </span>
     <span class='ocr_line' id='line_1_9' title="bbox 158 1231 1227 1308; baseline -0.001 -18"><span class='ocrx_word' id='word_1_86' title='bbox 158 1238 312 1308; x_wconf 84' lang='lat' dir='ltr'><strong>conjecturs</strong></span> <span class='ocrx_word' id='word_1_87' title='bbox 323 1245 378 1286; x_wconf 87' lang='lat' dir='ltr'><strong>tota</strong></span> <span class='ocrx_word' id='word_1_88' title='bbox 391 1232 475 1286; x_wconf 87' lang='lat' dir='ltr'><strong>oratio</strong></span> <span class='ocrx_word' id='word_1_89' title='bbox 486 1231 573 1304; x_wconf 87' lang='lat' dir='ltr'><strong>aptius</strong></span> <span class='ocrx_word' id='word_1_90' title='bbox 583 1232 651 1286; x_wconf 89' lang='lat' dir='ltr'><strong>necti</strong></span> <span class='ocrx_word' id='word_1_91' title='bbox 664 1250 741 1305; x_wconf 81' lang='lat' dir='ltr'><strong>posse</strong></span> <span class='ocrx_word' id='word_1_92' title='bbox 748 1231 885 1286; x_wconf 85' lang='lat' dir='ltr'><strong>videretur</strong></span> <span class='ocrx_word' id='word_1_93' title='bbox 896 1231 1051 1304; x_wconf 79' lang='lat' dir='ltr'><strong>:Absyrtus,</strong></span> <span class='ocrx_word' id='word_1_94' title='bbox 1060 1253 1087 1286; x_wconf 83' lang='lat' dir='ltr'><strong>v.</strong></span> <span class='ocrx_word' id='word_1_95' title='bbox 1096 1235 1156 1302; x_wconf 79' lang='lat'><strong>285,</strong></span> <span class='ocrx_word' id='word_1_96' title='bbox 1167 1253 1227 1288; x_wconf 82' lang='lat' dir='ltr'><strong>orn·</strong></span> 
     </span>
     <span class='ocr_line' id='line_1_10' title="bbox 158 1312 1226 1388; baseline 0.004 -19"><span class='ocrx_word' id='word_1_97' title='bbox 158 1331 232 1370; x_wconf 82' lang='lat' dir='ltr'><strong>vernt</strong></span> <span class='ocrx_word' id='word_1_98' title='bbox 245 1317 316 1371; x_wconf 83' lang='lat' dir='ltr'><strong>viros</strong></span> <span class='ocrx_word' id='word_1_99' title='bbox 325 1335 333 1380; x_wconf 89' lang='lat'>;</span> <span class='ocrx_word' id='word_1_100' title='bbox 340 1319 394 1388; x_wconf 75' lang='lat' dir='ltr'><strong>jam</strong></span> <span class='ocrx_word' id='word_1_101' title='bbox 404 1333 482 1378; x_wconf 81' lang='lat' dir='ltr'><strong>vero,</strong></span> <span class='ocrx_word' id='word_1_102' title='bbox 492 1312 556 1386; x_wconf 87' lang='lat' dir='ltr'><strong>qnid</strong></span> <span class='ocrx_word' id='word_1_103' title='bbox 570 1313 613 1369; x_wconf 81' lang='lat' dir='ltr'><strong>bis</strong></span> <span class='ocrx_word' id='word_1_104' title='bbox 628 1315 750 1387; x_wconf 83' lang='lat' dir='ltr'><strong>precibus</strong></span> <span class='ocrx_word' id='word_1_105' title='bbox 762 1315 888 1370; x_wconf 80' lang='lat' dir='ltr'><strong>effectum</strong></span> <span class='ocrx_word' id='word_1_106' title='bbox 902 1327 984 1382; x_wconf 87' lang='lat' dir='ltr'><strong>esset,</strong></span> <span class='ocrx_word' id='word_1_107' title='bbox 993 1334 1101 1371; x_wconf 82' lang='lat' dir='ltr'><strong>narrare</strong></span> <span class='ocrx_word' id='word_1_108' title='bbox 1111 1318 1226 1373; x_wconf 81' lang='lat' dir='ltr'><strong>voluisse</strong></span> 
     </span>
     <span class='ocr_line' id='line_1_11' title="bbox 159 1393 1228 1470; baseline 0 -20"><span class='ocrx_word' id='word_1_109' title='bbox 159 1410 261 1470; x_wconf 79' lang='lat' dir='ltr'><strong>poetam</strong></span> <span class='ocrx_word' id='word_1_110' title='bbox 274 1398 398 1469; x_wconf 77' lang='lat' dir='ltr'><strong>opinatus</strong></span> <span class='ocrx_word' id='word_1_111' title='bbox 408 1413 476 1448; x_wconf 87' lang='lat' dir='ltr'><strong>sum.</strong></span> <span class='ocrx_word' id='word_1_112' title='bbox 490 1393 613 1448; x_wconf 79' lang='lat' dir='ltr'><strong>Ostendit</strong></span> <span class='ocrx_word' id='word_1_113' title='bbox 624 1394 754 1466; x_wconf 87' lang='lat' dir='ltr'><strong>inprimis</strong></span> <span class='ocrx_word' id='word_1_114' title='bbox 768 1400 795 1451; x_wconf 76' lang='lat' dir='ltr'><strong>rb</strong></span> <span class='ocrx_word' id='word_1_115' title='bbox 808 1399 911 1464; x_wconf 69' lang='lat' dir='ltr'><strong>supplex</strong></span> <span class='ocrx_word' id='word_1_116' title='bbox 922 1395 957 1448; x_wconf 92' lang='lat' dir='ltr'><strong>ob</strong></span> <span class='ocrx_word' id='word_1_117' title='bbox 968 1395 1119 1467; x_wconf 79' lang='lat' dir='ltr'><strong>praecedens</strong></span> <span class='ocrx_word' id='word_1_118' title='bbox 1134 1417 1228 1459; x_wconf 78' lang='lat' dir='ltr'><strong>orans,-</strong></span> 
     </span>
     <span class='ocr_line' id='line_1_12' title="bbox 159 1478 1228 1556; baseline -0.001 -20"><span class='ocrx_word' id='word_1_119' title='bbox 159 1485 254 1556; x_wconf 83' lang='lat' dir='ltr'><strong>rejeota</strong></span> <span class='ocrx_word' id='word_1_120' title='bbox 267 1483 347 1553; x_wconf 71' lang='lat' dir='ltr'><strong>igitur</strong></span> <span class='ocrx_word' id='word_1_121' title='bbox 357 1481 429 1532; x_wconf 85' lang='lat' dir='ltr'><strong>litera</strong></span> <span class='ocrx_word' id='word_1_122' title='bbox 439 1496 518 1550; x_wconf 78' lang='lat' dir='ltr'><strong>squas</strong></span> <span class='ocrx_word' id='word_1_123' title='bbox 531 1479 629 1531; x_wconf 80' lang='lat' dir='ltr'><strong>librarii</strong></span> <span class='ocrx_word' id='word_1_124' title='bbox 642 1479 743 1532; x_wconf 84' lang='lat' dir='ltr'><strong>incuria</strong></span> <span class='ocrx_word' id='word_1_125' title='bbox 762 1497 796 1532; x_wconf 83' lang='lat' dir='ltr'><strong>ex</strong></span> <span class='ocrx_word' id='word_1_126' title='bbox 807 1493 869 1530; x_wconf 79' lang='lat' dir='ltr'><strong>rato</strong></span> <span class='ocrx_word' id='word_1_127' title='bbox 879 1478 998 1550; x_wconf 72' lang='lat' dir='ltr'>sequenti</span> <span class='ocrx_word' id='word_1_128' title='bbox 1013 1478 1072 1532; x_wconf 84' lang='lat' dir='ltr'><strong>voci</strong></span> <span class='ocrx_word' id='word_1_129' title='bbox 1086 1478 1228 1535; x_wconf 73' lang='lat' dir='ltr'><strong>adhesisse</strong></span> 
     </span>
     <span class='ocr_line' id='line_1_13' title="bbox 124 1557 1228 1631; baseline 0 -13"><span class='ocrx_word' id='word_1_130' title='bbox 124 1557 129 1564; x_wconf 70' lang='grc'><strong>’</strong></span> <span class='ocrx_word' id='word_1_131' title='bbox 160 1565 307 1628; x_wconf 80' lang='lat' dir='ltr'><strong>videbatur,</strong></span> <span class='ocrx_word' id='word_1_132' title='bbox 327 1563 459 1616; x_wconf 75' lang='lat' dir='ltr'>habebam</span> <span class='ocrx_word' id='word_1_133' title='bbox 482 1565 583 1631; x_wconf 70' lang='lat' dir='ltr'><strong>apples,</strong></span> <span class='ocrx_word' id='word_1_134' title='bbox 601 1559 672 1614; x_wconf 86' lang='lat' dir='ltr'><strong>nude</strong></span> <span class='ocrx_word' id='word_1_135' title='bbox 694 1561 778 1615; x_wconf 84' lang='lat' dir='ltr'><strong>facilis</strong></span> <span class='ocrx_word' id='word_1_136' title='bbox 796 1561 919 1615; x_wconf 81' lang='lat' dir='ltr'><strong>transitor</strong></span> <span class='ocrx_word' id='word_1_137' title='bbox 936 1561 972 1615; x_wconf 85' lang='lat' dir='ltr'><strong>ad</strong></span> <span class='ocrx_word' id='word_1_138' title='bbox 990 1583 1041 1614; x_wconf 83' lang='lat' dir='ltr'><strong>una</strong></span> <span class='ocrx_word' id='word_1_139' title='bbox 1059 1578 1108 1625; x_wconf 81' lang='lat' dir='ltr'><strong>ese,</strong></span> <span class='ocrx_word' id='word_1_140' title='bbox 1120 1575 1169 1618; x_wconf 85' lang='lat' dir='ltr'><strong>etc.</strong></span> <span class='ocrx_word' id='word_1_141' title='bbox 1183 1564 1228 1618; x_wconf 80' lang='lat' dir='ltr'><strong>sie</strong></span> 
     </span>
     <span class='ocr_line' id='line_1_14' title="bbox 160 1643 1228 1721; baseline 0 -21"><span class='ocrx_word' id='word_1_142' title='bbox 160 1649 252 1712; x_wconf 82' lang='lat' dir='ltr'><strong>etiam,</strong></span> <span class='ocrx_word' id='word_1_143' title='bbox 263 1647 298 1701; x_wconf 85' lang='lat' dir='ltr'><strong>ita</strong></span> <span class='ocrx_word' id='word_1_144' title='bbox 311 1647 453 1721; x_wconf 77' lang='lat' dir='ltr'><strong>putabam,</strong></span> <span class='ocrx_word' id='word_1_145' title='bbox 464 1665 524 1698; x_wconf 87' lang='lat' dir='ltr'><strong>oum</strong></span> <span class='ocrx_word' id='word_1_146' title='bbox 542 1663 565 1696; x_wconf 83' lang='lat' dir='ltr'><strong>v.</strong></span> <span class='ocrx_word' id='word_1_147' title='bbox 583 1644 633 1716; x_wconf 78' lang='lat'><strong>287</strong></span> <span class='ocrx_word' id='word_1_148' title='bbox 649 1645 733 1698; x_wconf 73' lang='lat' dir='ltr'><strong>oratio</strong></span> <span class='ocrx_word' id='word_1_149' title='bbox 752 1643 845 1698; x_wconf 83' lang='lat' dir='ltr'><strong>melius</strong></span> <span class='ocrx_word' id='word_1_150' title='bbox 864 1645 997 1698; x_wconf 78' lang='lat' dir='ltr'><strong>coheres:</strong></span> <span class='ocrx_word' id='word_1_151' title='bbox 1017 1645 1146 1718; x_wconf 76' lang='lat' dir='ltr'><strong>Absyrtus</strong></span> <span class='ocrx_word' id='word_1_152' title='bbox 1169 1659 1228 1700; x_wconf 91' lang='lat' dir='ltr'><strong>ornt</strong></span> 
     </span>
     <span class='ocr_line' id='line_1_15' title="bbox 160 1727 1229 1803; baseline -0.002 -17"><span class='ocrx_word' id='word_1_153' title='bbox 160 1733 241 1786; x_wconf 77' lang='lat' dir='ltr'><strong>viros:</strong></span> <span class='ocrx_word' id='word_1_154' title='bbox 256 1750 311 1785; x_wconf 88' lang='lat' dir='ltr'><strong>nna</strong></span> <span class='ocrx_word' id='word_1_155' title='bbox 322 1731 468 1802; x_wconf 83' lang='lat' dir='ltr'><strong>eademqne</strong></span> <span class='ocrx_word' id='word_1_156' title='bbox 475 1747 527 1782; x_wconf 77' lang='lat' dir='ltr'><strong>vox</strong></span> <span class='ocrx_word' id='word_1_157' title='bbox 535 1728 690 1802; x_wconf 74' lang='lat' dir='ltr'>obsequiosa</span> <span class='ocrx_word' id='word_1_158' title='bbox 699 1739 738 1782; x_wconf 89' lang='lat' dir='ltr'><strong>est</strong></span> <span class='ocrx_word' id='word_1_159' title='bbox 746 1727 864 1782; x_wconf 85' lang='lat' dir='ltr'><strong>omnium</strong></span> <span class='ocrx_word' id='word_1_160' title='bbox 874 1768 883 1793; x_wconf 92' lang='lat'><strong>,</strong></span> <span class='ocrx_word' id='word_1_161' title='bbox 894 1746 943 1782; x_wconf 90' lang='lat' dir='ltr'><strong>neo</strong></span> <span class='ocrx_word' id='word_1_162' title='bbox 954 1747 1018 1782; x_wconf 84' lang='lat' dir='ltr'><strong>voce</strong></span> <span class='ocrx_word' id='word_1_163' title='bbox 1028 1740 1131 1782; x_wconf 83' lang='lat' dir='ltr'><strong>tantum</strong></span> <span class='ocrx_word' id='word_1_164' title='bbox 1139 1749 1229 1803; x_wconf 89' lang='lat' dir='ltr'><strong>prom·</strong></span> 
     </span>
     <span class='ocr_line' id='line_1_16' title="bbox 160 1810 1228 1888; baseline -0.002 -20"><span class='ocrx_word' id='word_1_165' title='bbox 160 1814 320 1888; x_wconf 85' lang='lat' dir='ltr'><strong>ptitndinem</strong></span> <span class='ocrx_word' id='word_1_166' title='bbox 334 1813 469 1868; x_wconf 86' lang='lat' dir='ltr'><strong>declarant</strong></span> <span class='ocrx_word' id='word_1_167' title='bbox 479 1850 487 1875; x_wconf 92' lang='lat'><strong>,</strong></span> <span class='ocrx_word' id='word_1_168' title='bbox 497 1811 544 1865; x_wconf 87' lang='lat' dir='ltr'><strong>aed</strong></span> <span class='ocrx_word' id='word_1_169' title='bbox 558 1830 653 1866; x_wconf 83' lang='lat' dir='ltr'><strong>manna</strong></span> <span class='ocrx_word' id='word_1_170' title='bbox 667 1812 753 1864; x_wconf 82' lang='lat' dir='ltr'><strong>statim</strong></span> <span class='ocrx_word' id='word_1_171' title='bbox 769 1810 913 1865; x_wconf 82' lang='lat' dir='ltr'><strong>admovent</strong></span> <span class='ocrx_word' id='word_1_172' title='bbox 926 1813 1020 1886; x_wconf 86' lang='lat' dir='ltr'><strong>operi,</strong></span> <span class='ocrx_word' id='word_1_173' title='bbox 1034 1816 1173 1882; x_wconf 78' lang='lat' dir='ltr'><strong>intorquens</strong></span> <span class='ocrx_word' id='word_1_174' title='bbox 1186 1835 1228 1866; x_wconf 80' lang='lat' dir='ltr'><strong>un-</strong></span> 
     </span>
     <span class='ocr_line' id='line_1_17' title="bbox 161 1895 1229 1967; baseline 0.002 -17"><span class='ocrx_word' id='word_1_175' title='bbox 161 1901 228 1958; x_wconf 76' lang='lat' dir='ltr'><strong>doni,</strong></span> <span class='ocrx_word' id='word_1_176' title='bbox 242 1909 290 1952; x_wconf 87' lang='lat' dir='ltr'><strong>etc.</strong></span> <span class='ocrx_word' id='word_1_177' title='bbox 304 1896 495 1950; x_wconf 78' lang='lat' dir='ltr'><strong>consulueram</strong></span> <span class='ocrx_word' id='word_1_178' title='bbox 506 1908 532 1948; x_wconf 89' lang='lat' dir='ltr'><strong>et</strong></span> <span class='ocrx_word' id='word_1_179' title='bbox 545 1895 578 1948; x_wconf 82' lang='lat' dir='ltr'><strong>ci.</strong></span> <span class='ocrx_word' id='word_1_180' title='bbox 592 1898 705 1964; x_wconf 75' lang='lat' dir='ltr'><strong>Ruperti,</strong></span> <span class='ocrx_word' id='word_1_181' title='bbox 719 1895 765 1966; x_wconf 84' lang='lat' dir='ltr'><strong>qni</strong></span> <span class='ocrx_word' id='word_1_182' title='bbox 774 1935 782 1961; x_wconf 94' lang='lat'><strong>,</strong></span> <span class='ocrx_word' id='word_1_183' title='bbox 792 1896 919 1967; x_wconf 86' lang='lat' dir='ltr'><strong>qnoniam</strong></span> <span class='ocrx_word' id='word_1_184' title='bbox 932 1897 1079 1950; x_wconf 80' lang='lat' dir='ltr'>Burmanni</span> <span class='ocrx_word' id='word_1_185' title='bbox 1092 1897 1176 1951; x_wconf 80' lang='lat' dir='ltr'>codex</span> <span class='ocrx_word' id='word_1_186' title='bbox 1186 1899 1229 1952; x_wconf 89' lang='lat' dir='ltr'><strong>ba·</strong></span> 
     </span>
     <span class='ocr_line' id='line_1_18' title="bbox 163 1977 1230 2054; baseline 0.001 -20"><span class='ocrx_word' id='word_1_187' title='bbox 163 1981 204 2034; x_wconf 87' lang='lat' dir='ltr'><strong>bet</strong></span> <span class='ocrx_word' id='word_1_188' title='bbox 219 1983 316 2033; x_wconf 71' lang='lat' dir='ltr'><strong>serilla</strong></span> <span class='ocrx_word' id='word_1_189' title='bbox 334 1983 474 2048; x_wconf 75' lang='lat' dir='ltr'><strong>magistros,</strong></span> <span class='ocrx_word' id='word_1_190' title='bbox 491 1979 529 2031; x_wconf 85' lang='lat' dir='ltr'><strong>ita</strong></span> <span class='ocrx_word' id='word_1_191' title='bbox 548 1979 637 2032; x_wconf 77' lang='lat' dir='ltr'><strong>forsan</strong></span> <span class='ocrx_word' id='word_1_192' title='bbox 654 1978 796 2050; x_wconf 76' lang='lat' dir='ltr'><strong>legendum</strong></span> <span class='ocrx_word' id='word_1_193' title='bbox 813 1977 958 2034; x_wconf 85' lang='lat' dir='ltr'><strong>existimat:</strong></span> <span class='ocrx_word' id='word_1_194' title='bbox 976 1986 1072 2049; x_wconf 79' lang='lat' dir='ltr'><strong>Perque</strong></span> <span class='ocrx_word' id='word_1_195' title='bbox 1086 1985 1145 2034; x_wconf 67' lang='lat' dir='ltr'><strong>ratri</strong></span> <span class='ocrx_word' id='word_1_196' title='bbox 1161 1999 1230 2054; x_wconf 73' lang='lat' dir='ltr'><strong>argee</strong></span> 
     </span>
     <span class='ocr_line' id='line_1_19' title="bbox 162 2062 1229 2134; baseline 0.001 -15"><span class='ocrx_word' id='word_1_197' title='bbox 162 2065 281 2133; x_wconf 81' lang='lat' dir='ltr'><strong>(excitat,</strong></span> <span class='ocrx_word' id='word_1_198' title='bbox 291 2064 391 2131; x_wconf 87' lang='lat' dir='ltr'><strong>incitat)</strong></span> <span class='ocrx_word' id='word_1_199' title='bbox 400 2082 490 2123; x_wconf 78' lang='lat' dir='ltr'><strong>remos,</strong></span> <span class='ocrx_word' id='word_1_200' title='bbox 501 2063 529 2116; x_wconf 90' lang='lat' dir='ltr'><strong>b.</strong></span> <span class='ocrx_word' id='word_1_201' title='bbox 539 2083 562 2116; x_wconf 88' lang='lat' dir='ltr'><strong>e.</strong></span> <span class='ocrx_word' id='word_1_202' title='bbox 569 2062 681 2134; x_wconf 78' lang='lat' dir='ltr'><strong>remiges</strong></span> <span class='ocrx_word' id='word_1_203' title='bbox 690 2099 698 2126; x_wconf 91' lang='lat'><strong>,</strong></span> <span class='ocrx_word' id='word_1_204' title='bbox 708 2082 763 2114; x_wconf 76' lang='lat' dir='ltr'><strong>voe</strong></span> <span class='ocrx_word' id='word_1_205' title='bbox 773 2067 828 2114; x_wconf 82' lang='lat' dir='ltr'><strong>alra</strong></span> <span class='ocrx_word' id='word_1_206' title='bbox 837 2065 959 2134; x_wconf 71' lang='lat' dir='ltr'><strong>magistri,</strong></span> <span class='ocrx_word' id='word_1_207' title='bbox 970 2081 1022 2116; x_wconf 83' lang='lat' dir='ltr'><strong>vox</strong></span> <span class='ocrx_word' id='word_1_208' title='bbox 1033 2063 1101 2118; x_wconf 79' lang='lat' dir='ltr'><strong>clera</strong></span> <span class='ocrx_word' id='word_1_209' title='bbox 1111 2065 1229 2120; x_wconf 88' lang='lat' dir='ltr'><strong>hortato-</strong></span> 
     </span>
     <span class='ocr_line' id='line_1_20' title="bbox 162 2139 1232 2214; baseline 0.002 -18"><span class='ocrx_word' id='word_1_210' title='bbox 162 2145 198 2196; x_wconf 85' lang='lat' dir='ltr'><strong>ris</strong></span> <span class='ocrx_word' id='word_1_211' title='bbox 210 2144 353 2214; x_wconf 74' lang='lat' dir='ltr'><strong>remigum,</strong></span> <span class='ocrx_word' id='word_1_212' title='bbox 364 2149 502 2198; x_wconf 70' lang='grc' dir='ltr'><strong>κελευστοῦ.</strong></span> <span class='ocrx_word' id='word_1_213' title='bbox 516 2142 605 2207; x_wconf 79' lang='lat' dir='ltr'><strong>Quam</strong></span> <span class='ocrx_word' id='word_1_214' title='bbox 619 2140 844 2206; x_wconf 77' lang='lat' dir='ltr'><strong>emendationem,</strong></span> <span class='ocrx_word' id='word_1_215' title='bbox 854 2139 952 2196; x_wconf 88' lang='lat' dir='ltr'><strong>codicis</strong></span> <span class='ocrx_word' id='word_1_216' title='bbox 966 2141 1064 2214; x_wconf 87' lang='lat' dir='ltr'><strong>qnippe</strong></span> <span class='ocrx_word' id='word_1_217' title='bbox 1077 2147 1232 2198; x_wconf 84' lang='lat' dir='ltr'><strong>auctoritate</strong></span> 
     </span>
     <span class='ocr_line' id='line_1_21' title="bbox 163 2223 1231 2300; baseline 0 -19"><span class='ocrx_word' id='word_1_218' title='bbox 163 2225 302 2294; x_wconf 79' lang='lat' dir='ltr'><strong>firmatam,</strong></span> <span class='ocrx_word' id='word_1_219' title='bbox 312 2245 376 2281; x_wconf 82' lang='lat' dir='ltr'><strong>mese</strong></span> <span class='ocrx_word' id='word_1_220' title='bbox 386 2224 578 2299; x_wconf 66' lang='lat' dir='ltr'><strong>proferendam</strong></span> <span class='ocrx_word' id='word_1_221' title='bbox 589 2243 644 2280; x_wconf 86' lang='lat' dir='ltr'><strong>esse</strong></span> <span class='ocrx_word' id='word_1_222' title='bbox 655 2235 748 2295; x_wconf 87' lang='lat' dir='ltr'><strong>sponte</strong></span> <span class='ocrx_word' id='word_1_223' title='bbox 759 2223 907 2296; x_wconf 82' lang='lat' dir='ltr'><strong>lubensque</strong></span> <span class='ocrx_word' id='word_1_224' title='bbox 920 2226 1012 2278; x_wconf 84' lang='lat' dir='ltr'><strong>fateor.</strong></span> <span class='ocrx_word' id='word_1_225' title='bbox 1021 2227 1231 2300; x_wconf 78' lang='lat' dir='ltr'><strong>--SicWagns-</strong></span> 
     </span>
     <span class='ocr_line' id='line_1_22' title="bbox 163 2307 1231 2381; baseline 0.002 -17"><span class='ocrx_word' id='word_1_226' title='bbox 163 2329 215 2364; x_wconf 77' lang='lat' dir='ltr'><strong>rna</strong></span> <span class='ocrx_word' id='word_1_227' title='bbox 225 2311 274 2364; x_wconf 82' lang='lat' dir='ltr'><strong>His</strong></span> <span class='ocrx_word' id='word_1_228' title='bbox 282 2309 410 2364; x_wconf 76' lang='lat' dir='ltr'><strong>addemus</strong></span> <span class='ocrx_word' id='word_1_229' title='bbox 418 2311 598 2381; x_wconf 83' lang='lat' dir='ltr'><strong>conjecturam</strong></span> <span class='ocrx_word' id='word_1_230' title='bbox 608 2307 722 2380; x_wconf 80' lang='lat' dir='ltr'><strong>Adolphi</strong></span> <span class='ocrx_word' id='word_1_231' title='bbox 735 2313 835 2359; x_wconf 78' lang='lat' dir='ltr'><strong>Dureau</strong></span> <span class='ocrx_word' id='word_1_232' title='bbox 844 2311 875 2359; x_wconf 82' lang='lat' dir='ltr'><strong>de</strong></span> <span class='ocrx_word' id='word_1_233' title='bbox 886 2313 997 2362; x_wconf 62' lang='lat' dir='ltr'><strong>mendis</strong></span> <span class='ocrx_word' id='word_1_234' title='bbox 1005 2308 1042 2362; x_wconf 85' lang='lat' dir='ltr'><strong>aie</strong></span> <span class='ocrx_word' id='word_1_235' title='bbox 1052 2310 1231 2366; x_wconf 77' lang='lat' dir='ltr'><strong>emendantis:</strong></span> 
     </span>
     <span class='ocr_line' id='line_1_23' title="bbox 164 2394 817 2464; baseline -0.003 -19"><span class='ocrx_word' id='word_1_236' title='bbox 164 2400 257 2464; x_wconf 81' lang='lat' dir='ltr'><strong>Perqroe</strong></span> <span class='ocrx_word' id='word_1_237' title='bbox 269 2399 330 2448; x_wconf 81' lang='lat' dir='ltr'><strong>ratis</strong></span> <span class='ocrx_word' id='word_1_238' title='bbox 342 2398 446 2463; x_wconf 75' lang='lat' dir='ltr'><strong>supplex</strong></span> <span class='ocrx_word' id='word_1_239' title='bbox 455 2407 548 2445; x_wconf 79' lang='lat' dir='ltr'><strong>remeat</strong></span> <span class='ocrx_word' id='word_1_240' title='bbox 556 2412 610 2445; x_wconf 75' lang='lat' dir='ltr'><strong>vox</strong></span> <span class='ocrx_word' id='word_1_241' title='bbox 623 2395 667 2445; x_wconf 72' lang='lat' dir='ltr'><strong>itta</strong></span> <span class='ocrx_word' id='word_1_242' title='bbox 680 2394 817 2460; x_wconf 69' lang='lat' dir='ltr'><strong>magistron</strong></span> 
     </span>
    </p>
   </div>
   <div class='ocr_carea' id='block_1_3' title="bbox 168 2552 1233 2701">
    <p class='ocr_par' dir='ltr' id='par_1_3' title="bbox 168 2552 1233 2701">
     <span class='ocr_line' id='line_1_24' title="bbox 200 2552 1233 2627; baseline -0.006 -19"><span class='ocrx_word' id='word_1_243' title='bbox 200 2557 236 2609; x_wconf 88' lang='lat' dir='ltr'><strong>V.</strong></span> <span class='ocrx_word' id='word_1_244' title='bbox 247 2555 307 2626; x_wconf 84' lang='lat'>307.</span> <span class='ocrx_word' id='word_1_245' title='bbox 328 2559 386 2606; x_wconf 84' lang='lat' dir='ltr'><strong>Non</strong></span> <span class='ocrx_word' id='word_1_246' title='bbox 405 2573 455 2605; x_wconf 72' lang='lat' dir='ltr'><strong>nera</strong></span> <span class='ocrx_word' id='word_1_247' title='bbox 476 2554 567 2619; x_wconf 74' lang='lat' dir='ltr'><strong>Minya</strong></span> <span class='ocrx_word' id='word_1_248' title='bbox 578 2555 716 2621; x_wconf 82' lang='lat' dir='ltr'><strong>formidine</strong></span> <span class='ocrx_word' id='word_1_249' title='bbox 734 2565 843 2620; x_wconf 72' lang='lat' dir='ltr'><strong>surgunt.</strong></span> <span class='ocrx_word' id='word_1_250' title='bbox 855 2581 889 2590; x_wconf 95' lang='lat'>-</span> <span class='ocrx_word' id='word_1_251' title='bbox 903 2555 960 2603; x_wconf 84' lang='lat' dir='ltr'><strong>Non</strong></span> <span class='ocrx_word' id='word_1_252' title='bbox 978 2571 1029 2604; x_wconf 82' lang='lat' dir='ltr'><strong>ano</strong></span> <span class='ocrx_word' id='word_1_253' title='bbox 1041 2552 1105 2608; x_wconf 83' lang='lat' dir='ltr'><strong>Pina</strong></span> <span class='ocrx_word' id='word_1_254' title='bbox 1121 2553 1233 2627; x_wconf 78' lang='lat' dir='ltr'><strong>explicat</strong></span> 
     </span>
     <span class='ocr_line' id='line_1_25' title="bbox 168 2638 578 2701; baseline -0.012 -10"><span class='ocrx_word' id='word_1_255' title='bbox 168 2643 292 2691; x_wconf 75' lang='lat' dir='ltr'><strong>commoni</strong></span> <span class='ocrx_word' id='word_1_256' title='bbox 297 2677 306 2701; x_wconf 87' lang='lat'><strong>,</strong></span> <span class='ocrx_word' id='word_1_257' title='bbox 319 2638 486 2690; x_wconf 81' lang='lat' dir='ltr'><strong>Burmannus</strong></span> <span class='ocrx_word' id='word_1_258' title='bbox 495 2639 578 2688; x_wconf 83' lang='lat' dir='ltr'><strong>varia.</strong></span> 
     </span>
    </p>
   </div>
   <div class='ocr_carea' id='block_1_4' title="bbox 168 2782 1234 2941">
    <p class='ocr_par' dir='ltr' id='par_1_4' title="bbox 168 2782 1234 2941">
     <span class='ocr_line' id='line_1_26' title="bbox 201 2782 1234 2858; baseline 0.002 -22"><span class='ocrx_word' id='word_1_259' title='bbox 201 2785 236 2837; x_wconf 88' lang='lat' dir='ltr'><strong>V.</strong></span> <span class='ocrx_word' id='word_1_260' title='bbox 249 2787 309 2842; x_wconf 77' lang='lat'><em>312.</em></span> <span class='ocrx_word' id='word_1_261' title='bbox 323 2792 357 2838; x_wconf 72' lang='lat' dir='ltr'><strong>A:</strong></span> <span class='ocrx_word' id='word_1_262' title='bbox 369 2787 414 2844; x_wconf 81' lang='lat' dir='ltr'><strong>eibi</strong></span> <span class='ocrx_word' id='word_1_263' title='bbox 429 2804 485 2853; x_wconf 75' lang='lat' dir='ltr'><strong>qna</strong></span> <span class='ocrx_word' id='word_1_264' title='bbox 502 2788 618 2836; x_wconf 82' lang='lat' dir='ltr'><strong>scelernm</strong></span> <span class='ocrx_word' id='word_1_265' title='bbox 628 2785 724 2852; x_wconf 82' lang='lat' dir='ltr'><strong>facies,</strong></span> <span class='ocrx_word' id='word_1_266' title='bbox 737 2785 838 2843; x_wconf 79' lang='lat' dir='ltr'><strong>Medea,</strong></span> <span class='ocrx_word' id='word_1_267' title='bbox 857 2791 975 2832; x_wconf 71' lang='lat' dir='ltr'><strong>suoram?</strong></span> <span class='ocrx_word' id='word_1_268' title='bbox 991 2813 1026 2822; x_wconf 92' lang='lat'>-</span> <span class='ocrx_word' id='word_1_269' title='bbox 1043 2782 1156 2856; x_wconf 77' lang='lat' dir='ltr'><strong>Insignis</strong></span> <span class='ocrx_word' id='word_1_270' title='bbox 1174 2805 1234 2858; x_wconf 85' lang='lat' dir='ltr'><strong>apo-</strong></span> 
     </span>
     <span class='ocr_line' id='line_1_27' title="bbox 168 2863 1117 2941; baseline -0.003 -19"><span class='ocrx_word' id='word_1_271' title='bbox 168 2869 290 2941; x_wconf 84' lang='lat' dir='ltr'><strong>strophe,</strong></span> <span class='ocrx_word' id='word_1_272' title='bbox 302 2868 399 2922; x_wconf 79' lang='lat' dir='ltr'><strong>affectu</strong></span> <span class='ocrx_word' id='word_1_273' title='bbox 412 2868 507 2940; x_wconf 79' lang='lat' dir='ltr'><strong>plena,</strong></span> <span class='ocrx_word' id='word_1_274' title='bbox 520 2878 546 2919; x_wconf 88' lang='lat' dir='ltr'><strong>et</strong></span> <span class='ocrx_word' id='word_1_275' title='bbox 559 2863 653 2938; x_wconf 77' lang='lat' dir='ltr'><strong>grandi</strong></span> <span class='ocrx_word' id='word_1_276' title='bbox 666 2884 772 2918; x_wconf 87' lang='lat' dir='ltr'><strong>morum</strong></span> <span class='ocrx_word' id='word_1_277' title='bbox 785 2863 946 2918; x_wconf 85' lang='lat' dir='ltr'><strong>documento</strong></span> <span class='ocrx_word' id='word_1_278' title='bbox 958 2865 1117 2938; x_wconf 82' lang='lat' dir='ltr'><strong>gravissima.</strong></span> 
     </span>
    </p>
   </div>
   <div class='ocr_carea' id='block_1_5' title="bbox 202 3017 1036 3174">
    <p class='ocr_par' dir='ltr' id='par_1_5' title="bbox 202 3017 1036 3174">
     <span class='ocr_line' id='line_1_28' title="bbox 202 3017 947 3094; baseline -0.008 -18"><span class='ocrx_word' id='word_1_279' title='bbox 202 3025 236 3079; x_wconf 87' lang='lat' dir='ltr'><strong>V.</strong></span> <span class='ocrx_word' id='word_1_280' title='bbox 249 3025 310 3094; x_wconf 79' lang='lat'>319.</span> <span class='ocrx_word' id='word_1_281' title='bbox 325 3026 402 3076; x_wconf 77' lang='lat' dir='ltr'><strong>Hand</strong></span> <span class='ocrx_word' id='word_1_282' title='bbox 412 3025 470 3075; x_wconf 81' lang='lat' dir='ltr'><strong>sinit</strong></span> <span class='ocrx_word' id='word_1_283' title='bbox 482 3037 594 3073; x_wconf 69' lang='lat' dir='ltr'><strong>extrema</strong></span> <span class='ocrx_word' id='word_1_284' title='bbox 606 3017 704 3088; x_wconf 75' lang='lat' dir='ltr'><strong>Minyas</strong></span> <span class='ocrx_word' id='word_1_285' title='bbox 714 3023 947 3090; x_wconf 79' lang='lat' dir='ltr'><strong>deeemerepngna,</strong></span> 
     </span>
     <span class='ocr_line' id='line_1_29' title="bbox 326 3107 1036 3174; baseline 0.003 -16"><span class='ocrx_word' id='word_1_286' title='bbox 326 3112 489 3158; x_wconf 72' lang='lat' dir='ltr'><strong>Neonomero</strong></span> <span class='ocrx_word' id='word_1_287' title='bbox 501 3108 619 3174; x_wconf 81' lang='lat' dir='ltr'><strong>quoniam</strong></span> <span class='ocrx_word' id='word_1_288' title='bbox 633 3107 735 3167; x_wconf 75' lang='lat' dir='ltr'><strong>Colchis,</strong></span> <span class='ocrx_word' id='word_1_289' title='bbox 747 3125 790 3156; x_wconf 84' lang='lat' dir='ltr'><strong>nec</strong></span> <span class='ocrx_word' id='word_1_290' title='bbox 797 3108 928 3174; x_wconf 80' lang='lat' dir='ltr'><strong>puppibus,</strong></span> <span class='ocrx_word' id='word_1_291' title='bbox 943 3124 1036 3174; x_wconf 84' lang='lat' dir='ltr'><strong>oeqnos.</strong></span> 
     </span>
    </p>
   </div>
   <div class='ocr_carea' id='block_1_6' title="bbox 168 3215 1241 3977">
    <p class='ocr_par' dir='ltr' id='par_1_6' title="bbox 168 3215 1241 3977">
     <span class='ocr_line' id='line_1_30' title="bbox 170 3215 1236 3307; baseline 0.002 -20"><span class='ocrx_word' id='word_1_292' title='bbox 170 3260 182 3280; x_wconf 80' lang='grc' dir='ltr'>ι</span> <span class='ocrx_word' id='word_1_293' title='bbox 193 3232 267 3287; x_wconf 82' lang='lat' dir='ltr'><strong>Istud</strong></span> <span class='ocrx_word' id='word_1_294' title='bbox 282 3236 412 3301; x_wconf 67' lang='grc' dir='ltr'><strong>φαοηὶαηι,</strong></span> <span class='ocrx_word' id='word_1_295' title='bbox 428 3231 515 3304; x_wconf 84' lang='lat' dir='ltr'><strong>inquit</strong></span> <span class='ocrx_word' id='word_1_296' title='bbox 528 3232 701 3303; x_wconf 75' lang='lat' dir='ltr'><strong>Wagnerus,</strong></span> <span class='ocrx_word' id='word_1_297' title='bbox 714 3231 802 3284; x_wconf 86' lang='lat' dir='ltr'><strong>locum</strong></span> <span class='ocrx_word' id='word_1_298' title='bbox 818 3231 917 3285; x_wconf 89' lang='lat' dir='ltr'><strong>babere</strong></span> <span class='ocrx_word' id='word_1_299' title='bbox 935 3251 989 3285; x_wconf 92' lang='lat' dir='ltr'><strong>non</strong></span> <span class='ocrx_word' id='word_1_300' title='bbox 1004 3215 1106 3303; x_wconf 67' lang='lat' dir='ltr'><strong>poteri,</strong></span> <span class='ocrx_word' id='word_1_301' title='bbox 1124 3251 1172 3288; x_wconf 87' lang='lat' dir='ltr'><strong>nec</strong></span> <span class='ocrx_word' id='word_1_302' title='bbox 1188 3253 1236 3307; x_wconf 84' lang='lat' dir='ltr'><strong>pro</strong></span> 
     </span>
     <span class='ocr_line' id='line_1_31' title="bbox 169 3313 1236 3388; baseline 0.005 -20"><span class='ocrx_word' id='word_1_303' title='bbox 169 3337 266 3386; x_wconf 72' lang='lat' dir='ltr'><strong>nempe,</strong></span> <span class='ocrx_word' id='word_1_304' title='bbox 285 3319 400 3368; x_wconf 59' lang='lat' dir='ltr'><strong>roncum</strong></span> <span class='ocrx_word' id='word_1_305' title='bbox 416 3315 537 3388; x_wconf 84' lang='lat' dir='ltr'><strong>posuisse</strong></span> <span class='ocrx_word' id='word_1_306' title='bbox 555 3313 703 3370; x_wconf 84' lang='lat' dir='ltr'><strong>censendus</strong></span> <span class='ocrx_word' id='word_1_307' title='bbox 722 3327 760 3367; x_wconf 87' lang='lat' dir='ltr'><strong>est</strong></span> <span class='ocrx_word' id='word_1_308' title='bbox 773 3314 904 3368; x_wconf 85' lang='lat' dir='ltr'><strong>Valerius.</strong></span> <span class='ocrx_word' id='word_1_309' title='bbox 924 3314 1020 3384; x_wconf 80' lang='lat' dir='ltr'><strong>Aldina</strong></span> <span class='ocrx_word' id='word_1_310' title='bbox 1040 3315 1119 3370; x_wconf 87' lang='lat' dir='ltr'><strong>habet</strong></span> <span class='ocrx_word' id='word_1_311' title='bbox 1138 3337 1236 3373; x_wconf 75' lang='lat' dir='ltr'><strong>remens</strong></span> 
     </span>
     <span class='ocr_line' id='line_1_32' title="bbox 171 3397 1233 3473; baseline 0.002 -19"><span class='ocrx_word' id='word_1_312' title='bbox 171 3405 278 3463; x_wconf 71' lang='lat' dir='ltr'><strong>Colchis,</strong></span> <span class='ocrx_word' id='word_1_313' title='bbox 298 3398 372 3473; x_wconf 84' lang='lat' dir='ltr'><strong>qnod</strong></span> <span class='ocrx_word' id='word_1_314' title='bbox 390 3400 424 3454; x_wconf 83' lang='lat' dir='ltr'><strong>ad</strong></span> <span class='ocrx_word' id='word_1_315' title='bbox 442 3419 552 3456; x_wconf 39' lang='lat' dir='ltr'><strong>,mosum</strong></span> <span class='ocrx_word' id='word_1_316' title='bbox 572 3399 671 3471; x_wconf 88' lang='lat' dir='ltr'><strong>optime</strong></span> <span class='ocrx_word' id='word_1_317' title='bbox 692 3397 822 3470; x_wconf 78' lang='lat' dir='ltr'><strong>quadrat,</strong></span> <span class='ocrx_word' id='word_1_318' title='bbox 843 3399 895 3453; x_wconf 89' lang='lat' dir='ltr'><strong>boc</strong></span> <span class='ocrx_word' id='word_1_319' title='bbox 915 3411 1006 3453; x_wconf 86' lang='lat' dir='ltr'><strong>tamen</strong></span> <span class='ocrx_word' id='word_1_320' title='bbox 1029 3399 1112 3454; x_wconf 85' lang='lat' dir='ltr'><strong>babet</strong></span> <span class='ocrx_word' id='word_1_321' title='bbox 1133 3403 1233 3456; x_wconf 84' lang='lat' dir='ltr'><strong>incom-</strong></span> 
     </span>
     <span class='ocr_line' id='line_1_33' title="bbox 170 3482 1237 3558; baseline 0 -20"><span class='ocrx_word' id='word_1_322' title='bbox 170 3485 255 3552; x_wconf 85' lang='lat' dir='ltr'><strong>modi,</strong></span> <span class='ocrx_word' id='word_1_323' title='bbox 269 3484 341 3558; x_wconf 89' lang='lat' dir='ltr'><strong>qnod</strong></span> <span class='ocrx_word' id='word_1_324' title='bbox 357 3485 488 3539; x_wconf 71' lang='lat' dir='ltr'><strong>versiculo</strong></span> <span class='ocrx_word' id='word_1_325' title='bbox 500 3484 619 3557; x_wconf 81' lang='lat' dir='ltr'><strong>proxime</strong></span> <span class='ocrx_word' id='word_1_326' title='bbox 634 3482 806 3536; x_wconf 78' lang='lat' dir='ltr'><strong>antecedente</strong></span> <span class='ocrx_word' id='word_1_327' title='bbox 820 3487 962 3546; x_wconf 80' lang='lat' dir='ltr'><strong>deeemere,</strong></span> <span class='ocrx_word' id='word_1_328' title='bbox 979 3485 1099 3556; x_wconf 83' lang='lat' dir='ltr'><strong>proxime</strong></span> <span class='ocrx_word' id='word_1_329' title='bbox 1119 3489 1237 3558; x_wconf 78' lang='lat' dir='ltr'><strong>sequenti</strong></span> 
     </span>
     <span class='ocr_line' id='line_1_34' title="bbox 170 3565 1239 3640; baseline 0.001 -19"><span class='ocrx_word' id='word_1_330' title='bbox 170 3573 246 3622; x_wconf 76' lang='lat' dir='ltr'><strong>cernit</strong></span> <span class='ocrx_word' id='word_1_331' title='bbox 256 3580 409 3622; x_wconf 86' lang='lat' dir='ltr'><strong>occurrunt.</strong></span> <span class='ocrx_word' id='word_1_332' title='bbox 428 3567 521 3622; x_wconf 86' lang='lat' dir='ltr'><strong>Malim</strong></span> <span class='ocrx_word' id='word_1_333' title='bbox 541 3568 620 3639; x_wconf 83' lang='lat' dir='ltr'><strong>igitur</strong></span> <span class='ocrx_word' id='word_1_334' title='bbox 638 3567 789 3620; x_wconf 83' lang='lat' dir='ltr'><strong>Bormanon</strong></span> <span class='ocrx_word' id='word_1_335' title='bbox 808 3565 949 3629; x_wconf 85' lang='lat' dir='ltr'><strong>accedere,</strong></span> <span class='ocrx_word' id='word_1_336' title='bbox 972 3567 1018 3640; x_wconf 88' lang='lat' dir='ltr'><strong>qni</strong></span> <span class='ocrx_word' id='word_1_337' title='bbox 1037 3588 1120 3636; x_wconf 79' lang='lat' dir='ltr'><strong>equos</strong></span> <span class='ocrx_word' id='word_1_338' title='bbox 1142 3570 1239 3624; x_wconf 84' lang='lat' dir='ltr'><strong>mutari</strong></span> 
     </span>
     <span class='ocr_line' id='line_1_35' title="bbox 168 3650 1240 3727; baseline 0.001 -21"><span class='ocrx_word' id='word_1_339' title='bbox 168 3653 242 3727; x_wconf 84' lang='lat' dir='ltr'><strong>jubet</strong></span> <span class='ocrx_word' id='word_1_340' title='bbox 250 3655 278 3706; x_wconf 92' lang='lat' dir='ltr'><strong>in</strong></span> <span class='ocrx_word' id='word_1_341' title='bbox 288 3657 354 3722; x_wconf 81' lang='lat' dir='ltr'><strong>oeqor&#39;</strong></span> <span class='ocrx_word' id='word_1_342' title='bbox 359 3692 366 3716; x_wconf 91' lang='lat'><strong>,</strong></span> <span class='ocrx_word' id='word_1_343' title='bbox 378 3653 421 3706; x_wconf 90' lang='lat' dir='ltr'><strong>cni</strong></span> <span class='ocrx_word' id='word_1_344' title='bbox 432 3653 453 3708; x_wconf 86' lang='lat' dir='ltr'><strong>ei</strong></span> <span class='ocrx_word' id='word_1_345' title='bbox 463 3654 642 3724; x_wconf 78' lang='lat' dir='ltr'><strong>obtemperes,</strong></span> <span class='ocrx_word' id='word_1_346' title='bbox 655 3650 762 3704; x_wconf 88' lang='lat' dir='ltr'><strong>retineri</strong></span> <span class='ocrx_word' id='word_1_347' title='bbox 774 3653 892 3719; x_wconf 82' lang='lat' dir='ltr'><strong>qnoniam</strong></span> <span class='ocrx_word' id='word_1_348' title='bbox 902 3662 997 3721; x_wconf 85' lang='lat' dir='ltr'><strong>potest.</strong></span> <span class='ocrx_word' id='word_1_349' title='bbox 1014 3651 1141 3706; x_wconf 71' lang='lat' dir='ltr'><strong>Fortassis</strong></span> <span class='ocrx_word' id='word_1_350' title='bbox 1153 3653 1240 3724; x_wconf 78' lang='lat' dir='ltr'><strong>legere</strong></span> 
     </span>
     <span class='ocr_line' id='line_1_36' title="bbox 170 3734 1241 3808; baseline -0.002 -18"><span class='ocrx_word' id='word_1_351' title='bbox 170 3737 247 3790; x_wconf 77' lang='lat' dir='ltr'><strong>stiam</strong></span> <span class='ocrx_word' id='word_1_352' title='bbox 262 3755 343 3808; x_wconf 84' lang='lat' dir='ltr'><strong>queas</strong></span> <span class='ocrx_word' id='word_1_353' title='bbox 354 3739 468 3804; x_wconf 71' lang='lat' dir='ltr'><strong>janjam.</strong></span> <span class='ocrx_word' id='word_1_354' title='bbox 479 3735 673 3788; x_wconf 70' lang='lat' dir='ltr'><strong>u-—Burmanni</strong></span> <span class='ocrx_word' id='word_1_355' title='bbox 685 3746 775 3786; x_wconf 88' lang='lat' dir='ltr'><strong>notam</strong></span> <span class='ocrx_word' id='word_1_356' title='bbox 794 3734 822 3785; x_wconf 93' lang='lat' dir='ltr'><strong>in</strong></span> <span class='ocrx_word' id='word_1_357' title='bbox 836 3735 1001 3787; x_wconf 84' lang='lat' dir='ltr'><strong>contrarium</strong></span> <span class='ocrx_word' id='word_1_358' title='bbox 1014 3753 1122 3788; x_wconf 76' lang='lat' dir='ltr'><strong>senam</strong></span> <span class='ocrx_word' id='word_1_359' title='bbox 1132 3734 1241 3791; x_wconf 85' lang='lat' dir='ltr'><strong>detorsit</strong></span> 
     </span>
     <span class='ocr_line' id='line_1_37' title="bbox 172 3817 1237 3892; baseline -0.001 -18"><span class='ocrx_word' id='word_1_360' title='bbox 172 3821 327 3892; x_wconf 73' lang='lat' dir='ltr'><strong>Wagncrus</strong></span> <span class='ocrx_word' id='word_1_361' title='bbox 339 3838 347 3874; x_wconf 77' lang='grc' dir='ltr'><em>τ</em></span> <span class='ocrx_word' id='word_1_362' title='bbox 361 3819 399 3876; x_wconf 83' lang='lat' dir='ltr'><strong>nit</strong></span> <span class='ocrx_word' id='word_1_363' title='bbox 411 3820 484 3874; x_wconf 86' lang='lat' dir='ltr'><strong>enim</strong></span> <span class='ocrx_word' id='word_1_364' title='bbox 499 3817 658 3872; x_wconf 84' lang='lat' dir='ltr'><strong>mutandum</strong></span> <span class='ocrx_word' id='word_1_365' title='bbox 672 3827 761 3871; x_wconf 86' lang='lat' dir='ltr'><strong>censet</strong></span> <span class='ocrx_word' id='word_1_366' title='bbox 773 3817 956 3883; x_wconf 85' lang='lat' dir='ltr'><strong>Bnrmannns,</strong></span> <span class='ocrx_word' id='word_1_367' title='bbox 970 3828 1113 3890; x_wconf 85' lang='lat' dir='ltr'><strong>monetque</strong></span> <span class='ocrx_word' id='word_1_368' title='bbox 1125 3819 1237 3874; x_wconf 87' lang='lat' dir='ltr'><strong>similem</strong></span> 
     </span>
     <span class='ocr_line' id='line_1_38' title="bbox 171 3902 700 3977; baseline -0.006 -20"><span class='ocrx_word' id='word_1_369' title='bbox 171 3905 233 3958; x_wconf 87' lang='lat' dir='ltr'><strong>alibi</strong></span> <span class='ocrx_word' id='word_1_370' title='bbox 242 3923 312 3977; x_wconf 67' lang='lat' dir='ltr'><strong>sape</strong></span> <span class='ocrx_word' id='word_1_371' title='bbox 321 3921 462 3958; x_wconf 85' lang='lat' dir='ltr'><strong>occurrere</strong></span> <span class='ocrx_word' id='word_1_372' title='bbox 470 3902 700 3956; x_wconf 83' lang='lat' dir='ltr'><strong>constructionem.</strong></span> 
     </span>
    </p>
   </div>
   <div class='ocr_carea' id='block_1_7' title="bbox 170 4046 1239 4406">
    <p class='ocr_par' dir='ltr' id='par_1_7' title="bbox 170 4046 1239 4371">
     <span class='ocr_line' id='line_1_39' title="bbox 205 4046 1239 4116; baseline -0.01 -16"><span class='ocrx_word' id='word_1_373' title='bbox 205 4050 238 4103; x_wconf 89' lang='lat' dir='ltr'><strong>V.</strong></span> <span class='ocrx_word' id='word_1_374' title='bbox 251 4049 311 4104; x_wconf 76' lang='lat'><strong>325.</strong></span> <span class='ocrx_word' id='word_1_375' title='bbox 326 4055 404 4116; x_wconf 78' lang='lat' dir='ltr'><strong>Inque</strong></span> <span class='ocrx_word' id='word_1_376' title='bbox 414 4051 589 4116; x_wconf 78' lang='lat' dir='ltr'><strong>unumpariter</strong></span> <span class='ocrx_word' id='word_1_377' title='bbox 599 4065 668 4098; x_wconf 83' lang='lat' dir='ltr'><strong>mare</strong></span> <span class='ocrx_word' id='word_1_378' title='bbox 676 4050 789 4114; x_wconf 80' lang='lat' dir='ltr'><strong>protinas</strong></span> <span class='ocrx_word' id='word_1_379' title='bbox 801 4063 883 4096; x_wconf 84' lang='lat' dir='ltr'><strong>omnes</strong></span> <span class='ocrx_word' id='word_1_380' title='bbox 892 4046 983 4112; x_wconf 75' lang='lat' dir='ltr'><strong>Infiesto</strong></span> <span class='ocrx_word' id='word_1_381' title='bbox 996 4047 1104 4095; x_wconf 81' lang='lat' dir='ltr'><strong>elamore</strong></span> <span class='ocrx_word' id='word_1_382' title='bbox 1113 4063 1194 4101; x_wconf 78' lang='lat' dir='ltr'><strong>rrum.</strong></span> <span class='ocrx_word' id='word_1_383' title='bbox 1204 4080 1239 4090; x_wconf 84' lang='lat'><em>-</em></span> 
     </span>
     <span class='ocr_line' id='line_1_40' title="bbox 170 4126 1238 4204; baseline -0.008 -19"><span class='ocrx_word' id='word_1_384' title='bbox 170 4132 307 4204; x_wconf 77' lang='lat' dir='ltr'><strong>Adolphns</strong></span> <span class='ocrx_word' id='word_1_385' title='bbox 318 4137 419 4183; x_wconf 80' lang='lat' dir='ltr'><strong>Dureau</strong></span> <span class='ocrx_word' id='word_1_386' title='bbox 432 4133 463 4182; x_wconf 85' lang='lat' dir='ltr'><strong>de</strong></span> <span class='ocrx_word' id='word_1_387' title='bbox 477 4135 601 4190; x_wconf 66' lang='lat' dir='ltr'><strong>lamalle,</strong></span> <span class='ocrx_word' id='word_1_388' title='bbox 611 4129 707 4183; x_wconf 87' lang='lat' dir='ltr'><strong>omissa</strong></span> <span class='ocrx_word' id='word_1_389' title='bbox 722 4129 843 4182; x_wconf 74' lang='lat' dir='ltr'><strong>Vaticani</strong></span> <span class='ocrx_word' id='word_1_390' title='bbox 865 4126 965 4180; x_wconf 86' lang='lat' dir='ltr'><strong>codicis</strong></span> <span class='ocrx_word' id='word_1_391' title='bbox 984 4128 1118 4180; x_wconf 87' lang='lat' dir='ltr'><strong>mentione</strong></span> <span class='ocrx_word' id='word_1_392' title='bbox 1135 4131 1180 4202; x_wconf 86' lang='lat' dir='ltr'><strong>qui</strong></span> <span class='ocrx_word' id='word_1_393' title='bbox 1199 4146 1238 4186; x_wconf 72' lang='lat' dir='ltr'><strong>ta.</strong></span> 
     </span>
     <span class='ocr_line' id='line_1_41' title="bbox 171 4211 1239 4288; baseline -0.001 -18"><span class='ocrx_word' id='word_1_394' title='bbox 171 4233 231 4270; x_wconf 84' lang='lat' dir='ltr'><strong>men</strong></span> <span class='ocrx_word' id='word_1_395' title='bbox 245 4236 320 4268; x_wconf 83' lang='lat' dir='ltr'><strong>anam</strong></span> <span class='ocrx_word' id='word_1_396' title='bbox 333 4226 360 4269; x_wconf 88' lang='lat' dir='ltr'><strong>et</strong></span> <span class='ocrx_word' id='word_1_397' title='bbox 371 4215 428 4286; x_wconf 86' lang='lat' dir='ltr'><strong>ipse</strong></span> <span class='ocrx_word' id='word_1_398' title='bbox 438 4215 559 4288; x_wconf 69' lang='lat' dir='ltr'><strong>profert,</strong></span> <span class='ocrx_word' id='word_1_399' title='bbox 575 4224 664 4274; x_wconf 88' lang='lat' dir='ltr'><strong>notat,</strong></span> <span class='ocrx_word' id='word_1_400' title='bbox 679 4225 802 4266; x_wconf 85' lang='lat' dir='ltr'><strong>monente</strong></span> <span class='ocrx_word' id='word_1_401' title='bbox 818 4211 940 4277; x_wconf 82' lang='lat' dir='ltr'><strong>Heinsio,</strong></span> <span class='ocrx_word' id='word_1_402' title='bbox 954 4211 1091 4264; x_wconf 87' lang='lat' dir='ltr'><strong>lectionem</strong></span> <span class='ocrx_word' id='word_1_403' title='bbox 1108 4213 1176 4268; x_wconf 88' lang='lat' dir='ltr'><strong>banc</strong></span> <span class='ocrx_word' id='word_1_404' title='bbox 1190 4217 1239 4270; x_wconf 88' lang='lat' dir='ltr'><strong>niti</strong></span> 
     </span>
     <span class='ocr_line' id='line_1_42' title="bbox 172 4295 1239 4371; baseline -0.002 -18"><span class='ocrx_word' id='word_1_405' title='bbox 172 4299 262 4354; x_wconf 86' lang='lat' dir='ltr'><strong>codice</strong></span> <span class='ocrx_word' id='word_1_406' title='bbox 268 4298 361 4371; x_wconf 76' lang='lat' dir='ltr'><strong>Regio,</strong></span> <span class='ocrx_word' id='word_1_407' title='bbox 367 4298 537 4369; x_wconf 76' lang='lat' dir='ltr'><strong>declaratque</strong></span> <span class='ocrx_word' id='word_1_408' title='bbox 549 4297 600 4352; x_wconf 86' lang='lat' dir='ltr'><strong>boo</strong></span> <span class='ocrx_word' id='word_1_409' title='bbox 609 4298 731 4362; x_wconf 87' lang='lat' dir='ltr'><strong>nomine,</strong></span> <span class='ocrx_word' id='word_1_410' title='bbox 739 4295 869 4361; x_wconf 76' lang='lat' dir='ltr'><strong>Matthia,</strong></span> <span class='ocrx_word' id='word_1_411' title='bbox 881 4295 950 4366; x_wconf 74' lang='lat' dir='ltr'><strong>regis</strong></span> <span class='ocrx_word' id='word_1_412' title='bbox 958 4295 1110 4366; x_wconf 60' lang='lat' dir='ltr'><strong>Hnngarian</strong></span> <span class='ocrx_word' id='word_1_413' title='bbox 1120 4298 1239 4356; x_wconf 82' lang='lat' dir='ltr'><strong>codicem</strong></span> 
     </span>
    </p>

    <p class='ocr_par' dir='ltr' id='par_1_8' title="bbox 450 4383 458 4406">
     <span class='ocr_line' id='line_1_43' title="bbox 450 4383 458 4406; baseline 0 0"><span class='ocrx_word' id='word_1_414' title='bbox 450 4383 458 4406; x_wconf 95' lang='grc' dir='ltr'><em>Ι</em></span> 
     </span>
    </p>
   </div>
   <div class='ocr_carea' id='block_1_8' title="bbox 0 0 1626 5138">
    <p class='ocr_par' dir='ltr' id='par_1_9' title="bbox 0 0 1626 5138">
     <span class='ocr_line' id='line_1_44' title="bbox 0 0 1626 5138; baseline 0 0"><span class='ocrx_word' id='word_1_415' title='bbox 0 0 1626 5138; x_wconf 95' lang='lat' dir='ltr'><strong> </strong></span> 
     </span>
    </p>
   </div>
  </div>
 </body>
</html>
