3124 5132
389 570 428 611 10
691 547 727 610 C.
752 545 946 612 VALEllll
974 547 1146 612 FLACCI

428 677 497 743 Nee
511 679 635 767 primus
651 677 775 760 radios,
792 677 883 744 miles
900 678 1062 759 Romane,
1079 677 1205 742 eorusci

428 793 604 874 Fulminis,
620 805 654 856 et
669 792 779 857 rutilas
795 791 893 857 scutis
911 788 1104 856 diffunderis
1121 791 1195 856 alas.

426 906 564 996 Insuper
581 922 708 972 auratos
723 907 894 996 eollegerat
908 907 976 995 ipse
991 905 1165 986 dracones,
1193 977 1199 988 ¹

428 1021 539 1086 Matris
555 1023 651 1086 Horas
666 1021 846 1110 specimen,
861 1021 1045 1110 linguisque
1060 1019 1213 1084 adversus
1227 1019 1384 1106 utrinque

427 1135 606 1223 Congruit,
624 1150 658 1199 et
671 1134 764 1200 tereti
777 1156 908 1222 serpens
921 1133 977 1200 dat
988 1135 1123 1200 vulnera
1138 1156 1283 1222 gemme.

468 1248 596 1312 Tertius
612 1249 775 1312 unanimis
790 1248 922 1312 veniens
938 1269 1014 1312 oum
1029 1247 1171 1312 millibus
1188 1247 1323 1314 Auchus
1425 1267 1452 1303 tn

424 1362 610 1426 Cimmerias
628 1377 769 1430 ostentat
785 1383 884 1449 opes,
902 1363 955 1426 cui
973 1360 1129 1428 oandidus
1147 1361 1225 1426 olim

426 1474 533 1541 Crinis
548 1476 652 1557 inest,
668 1477 771 1546 natale
789 1473 909 1556 decus,
924 1473 979 1540 dat
996 1475 1123 1566 longior
1137 1489 1212 1540 setas

424 1591 493 1655 lam
510 1590 667 1679 spatium,
686 1589 803 1678 triplici
818 1609 1007 1678 percurrens
1021 1603 1167 1677 tempora
1184 1587 1290 1670 nod03

424 1704 573 1768 Demittit
587 1724 677 1768 sacro
694 1704 836 1791 geminas
854 1725 874 1766 a
888 1702 1006 1768 vertice
1022 1703 1126 1768 vittas.

469 1816 588 1882 Dathin
601 1862 611 1897 ,
626 1812 837 1880 Achaemenis)
855 1816 981 1905 gravior
996 1815 1037 1882 de
1055 1816 1189 1882 vulnere
1204 1839 1340 1908 pugne,
1423 1839 1449 1874 tt

330 2050 331 2055 =
414 2025 451 2073 56.
469 2025 601 2090 D'yfsdsrs's.
609 2029 673 2074 Jnnt.
683 2025 767 2078 Meter.
780 2025 833 2073 Ald.
842 2026 941 2087 ungere
950 2049 980 2060 -
988 2023 1028 2072 60.
1039 2023 1139 2072 Aeeta.
1149 2027 1213 2072 lunt.
1224 2026 1309 2072 usur.
1321 2025 1376 2072 stt.
1389 2026 1433 2073 En.

418 2159 461 2213 55.
470 2165 524 2214 ll'ss
534 2165 626 2230 primus
645 2165 740 2223 radios,
757 2165 825 2215 miles
840 2167 888 2214 llo·
968 2162 1111 2212 tndnetm
1120 2161 1448 2230 amnenasossensaeopes,

381 2258 471 2299 mane,
493 2243 589 2292 corusci
599 2243 714 2310 fulminis
730 2242 800 2309 (alie
819 2241 890 2314 peri·
932 2239 1067 2302 aoies,sus'
1082 2241 1204 2290 candidus
1215 2241 1285 2300 oleis,
1298 2239 1388 2292 indes
1402 2257 1449 2292 na·

380 2317 519 2391 phrasis),
530 2333 555 2371 et
562 2322 648 2373 rutilas
659 2323 733 2372 scutis
742 2321 889 2388 diffunderis
931 2316 1041 2380 tivisste,
1050 2322 1228 2380 nataledeens,
1237 2320 1311 2370 erinis
1320 2333 1375 2381 est,-
1382 2338 1449 2371 nans

380 2401 444 2449 alus.
462 2397 614 2466 Dsffisnden's
632 2397 723 2452 eodem
739 2399 889 2470 grecismo,
932 2397 981 2450 rosi
998 2397 1099 2468 populo
1112 2397 1261 2451 eommunis
1274 2397 1322 2450 iste
1334 2399 1412 2452 oolor
1424 2411 1449 2451 et

380 2495 453 2548 quo,
466 2495 491 2530 v.
507 2478 558 2540 ⁵3,
570 2481 674 2540 caelata,
684 2477 731 2532 sed
742 2476 891 2550 paullodu·
933 2474 1075 2534 inhonore
1086 2489 1135 2532 est.

380 2555 460 2608 riori:
480 2553 573 2608 dillusi
594 2555 663 2610 redii
680 2576 728 2630 per
744 2568 817 2610 scuta
833 2567 887 2611 tus.
968 2559 1012 2610 ⁶2.
1025 2559 1077 2608 Dat
1088 2557 1188 2624 longior
1197 2569 1258 2606 atas
1270 2561 1328 2606 lam
1339 2559 1448 2624 spatium

381 2633 493 2687 1⁸¹aoilius
518 2636 664 2705 diffidetis,
688 2655 737 2690 neo
759 2635 889 2695 abludunt
933 2636 1450 2704 mplieipercurrenstsmpomnodomte·

380 2713 452 2767 libri.
471 2713 615 2780 Ceterum,
635 2715 706 2768 alata
723 2713 835 2772 fulmina
861 2715 889 2775 in
933 2716 1018 2787 tejam
1028 2713 1186 2784 provectior,
1197 2713 1306 2785 ospillos
1314 2713 1449 2785 longiores

379 2792 606 2862 elipeismilitum
624 2795 804 2849 llomenornm
822 2795 890 2850 anti·
933 2791 960 2844 in
973 2792 1101 2864 triplicem
1115 2791 1214 2846 nodum
1229 2791 1387 2864 eollegerat,
1402 2799 1448 2846 ds·

379 2871 440 2942 quis
450 2872 617 2944 numerisque
628 2873 725 2946 ubique
734 2875 827 2940 obsis,
840 2893 890 2928 nee
933 2873 1086 2928 miccinam
1099 2893 1116 2922 a
1129 2874 1233 2931 venite·
1246 2889 1301 2923 ³⁰¹1
1313 2872 1385 2924 enlm
1400 2892 1448 2925 rex

380 2950 458 3004 lseile
471 2951 537 3013 erit,
553 2951 600 3023 qui
614 2952 745 3022 legionem
765 2953 889 3008 fulmins·
933 2951 1036 3015 solnm,
1047 2950 1092 3004 sed
1104 2951 1227 3005 sacerdos
1236 2949 1314 3004 etiam
1324 2963 1380 3004 eret
1390 2969 1446 3006 uso·

381 3029 473 3081 tricem
489 3029 610 3100 ignoret,
628 3029 662 3082 de
678 3050 730 3103 qua
751 3033 890 3104 seriptones
933 3049 963 3084 re
971 3031 1076 3102 prisco,
1086 3033 1200 3100 geminas
1209 3033 1295 3083 vitem.

380 3104 495 3162 historie
511 3107 692 3162 ecclesiastieae
703 3109 767 3164 olim
785 3109 890 3164 sabula·
969 3109 1012 3162 6⁵.
1026 3115 1125 3179 Daraps
1136 3112 1248 3180 μανίαν,
1259 3109 1358 3163 tardior
1369 3147 1378 3173 ,
1390 3128 1448 3166 nou

381 3183 490 3239 bantttr.
933 3190 995 3242 estis
1015 3189 1106 3242 salens
1132 3207 1260 3262 corpote,
1285 3193 1317 3242 de
1340 3192 1450 3242 uulnere

417 3267 573 3334 57.1nsuper
579 3282 678 3318 auratos
685 3271 824 3336 eollefferat,
828 3269 891 3340 jun·
933 3273 1098 3322 Aeliae-menia
1112 3288 1220 3338 pugnes,
1241 3269 1372 3340 impugna
1384 3287 1449 3322 eou-

380 3355 453 3397 xernt
465 3343 492 3396 in
504 3345 605 3408 libnls,
623 3349 673 3414 ipse
686 3350 821 3408 dracones,
834 3369 890 3400 sna·
933 3359 973 3400 tra
982 3347 1074 3400 Persas
1082 3358 1201 3419 accepto,
1209 3351 1304 3400 misitin
1315 3367 1386 3398 ansa
1394 3353 1449 3400 Dm

379 3425 423 3473 tn's
436 3428 510 3475 Herse
517 3428 637 3493 specimen
649 3425 800 3496 (eVlrgilio
810 3429 889 3489 ,AEm
934 3427 1000 3487 nin,
1014 3429 1103 3477 tirsum
1119 3446 1190 3494 quem
1210 3429 1300 3478 inertia
1319 3427 1386 3476 acies
1405 3441 1449 3480 est

380 3499 451 3568 ΧΠ,
470 3507 517 3567 ros
531 3541 539 3567 ,
551 3507 613 3556 Solis
635 3507 676 3556 asi
693 3505 845 3572 specimen),
861 3505 890 3558 ln
935 3507 1120 3572 Gangaridum,
1131 3520 1240 3574 potaque
1250 3510 1328 3568 Gorys
1337 3523 1399 3573 quos
1410 3511 1448 3576 es-

379 3578 569 3636 documentum
580 3595 653 3636 ortus
662 3583 726 3637 suia
735 3583 853 3657 nymphe
862 3583 889 3636 in
925 3584 998 3653 sem
1007 3584 1058 3652 (eh
1070 3585 1281 3653 efferamnnda,
1292 3585 1340 3636 leri
1349 3587 1448 3638 socole

379 3658 507 3714 dracones
519 3661 664 3716 desinente.
933 3662 1035 3736 Geryos
1047 3663 1136 3730 fluvii,
1149 3667 1239 3732 quique
1250 3668 1330 3716 laeum
1343 3666 1448 3716 cinxere

415 3745 457 3796 ⁵8.
474 3743 623 3809 linguisque
640 3745 756 3794 adsersus
776 3745 890 3810 utrinque
933 3745 1017 3795 dicen.
1038 3741 1163 3796 Paludem
1180 3748 1262 3807 Bycen
1283 3755 1324 3807 et,
1347 3741 1393 3812 qui
1418 3742 1446 3796 ist

377 3834 503 3890 coagnus,
513 3821 615 3872 etterett'
621 3841 720 3890 serpens
728 3825 775 3873 dat
782 3827 890 3874 vulnera
933 3839 991 3874 enm
1002 3839 1058 3876 sese
1066 3821 1180 3875 effundit
1189 3858 1197 3884 ,
1206 3819 1316 3874 lluvium
1326 3825 1447 3874 Gerrlum

376 3918 494 3970 gemma,
505 3899 542 3952 its
551 3909 612 3970 apte
621 3899 747 3953 elaborati
755 3911 830 3952 eram
839 3901 889 3954 sibi
934 3900 996 3954 novi
1006 3939 1014 3965 ,
1026 3901 1195 3973 inveniesque
1206 3899 1239 3954 ad
1254 3901 1350 3952 Istrum
1363 3899 1448 3955 Ches-

377 3979 490 4052 oppositi
499 3990 645 4048 serpentes,
655 3991 685 4032 ut
695 3977 822 4043 mediam,
831 3999 890 4052 qim¹
934 3981 1020 4036 sonesi
1033 3980 1170 4043 Tauricam
1184 3983 1339 4048 Gangaridae
1353 3997 1447 4052 suspe-

378 4059 596 4130 paludamentum
620 4059 788 4124 contineret,
814 4078 894 4130 gesn-⁴
934 4061 988 4122 cti,
1006 4079 1068 4114 uum
1090 4059 1169 4130 hujus
1192 4059 1305 4112 nominis
1329 4061 1447 4130 populus

377 4155 447 4190 msm
459 4136 579 4191 mordere
589 4135 712 4192 dentibus
719 4137 888 4204 siderearum
934 4138 1015 4204 radis
1032 4139 1101 4193 intra
1114 4137 1231 4209 Gangem
1250 4137 1329 4190 nimis
1349 4136 1445 4194 distat:

376 4215 449 4268 coel.
468 4234 564 4288 supra,
584 4217 642 4282 111,
659 4236 723 4288 190,
740 4232 766 4274 et
787 4219 824 4270 ibi
844 4217 890 4272 asl-
932 4219 1041 4282 Strabo,
1052 4219 1172 4286 11,3s7,
1185 4214 1263 4270 habet
1275 4221 1443 4284 Gargaridus.

377 4295 482 4366 scripto.
933 4299 1020 4360 lleete,
1034 4315 1149 4369 aramque
1164 4295 1256 4350 eodetn
1268 4295 1326 4352 loco
1337 4297 1445 4360 Strabo,
