3150 5126
440 429 877 496 anconanmnon.
933 391 934 397 ‘
1124 432 1186 496 353

130 560 231 642 Δηοῦς.
255 553 405 620 Munlter.
429 552 470 616 ad
501 551 622 640 Hygini
653 551 717 616 fab.
749 550 786 615 18
814 573 848 614 se
875 551 1022 640 ignorate
1052 551 1187 633 fatetur,

131 664 205 752 quis
219 661 272 726 ille
283 661 406 724 Azorus
418 659 460 722 sit
479 655 678 748 gubernator
691 657 796 745 Argus
819 655 928 738 navis3
954 679 1014 721 nec
1036 642 1096 748 ego
1117 660 1191 746 plus

131 769 225 844 novi,
247 767 307 831 nisi
318 763 408 854 quod
420 763 519 828 luisse
534 761 736 827 conditorem
750 761 841 825 urbis
854 765 957 826 Azort'
964 762 1107 847 credam,
1121 787 1193 853 quae

132 873 166 936 in
177 870 348 962 Pelagonia
358 863 619 956 sive'l'ripolitide
631 880 831 930 memoratur
842 888 859 930 a
871 866 1174 952 Strabone,lib.V11
1184 918 1192 951 ,

131 1002 204 1068 pag.
224 977 300 1064 327,
313 993 346 1042 et
359 998 376 1040 a
390 974 554 1064 Stephano
569 986 762 1054 recensetur,
781 972 838 1060 qui
853 989 886 1036 et
901 971 1098 1038 conditama
1115 998 1195 1064 qno·

133 1083 207 1149 dam
222 1087 327 1148 Azom
344 1079 452 1162 addit3
465 1079 587 1168 reliqua
605 1095 727 1166 quaerat
743 1099 794 1141 me
808 1077 1002 1167 diligentior.
1074 1087 1080 1098 '

177 1288 410 1357 BUPHAGUS.
427 1289 524 1352 Hunc
545 1287 580 1351 in
605 1287 717 1351 album
732 1290 990 1377 Argonautarum
1006 1288 1046 1354 ab
1064 1293 1196 1380 Orpheo

135 1411 389 1474 memoratorum
413 1393 524 1458 retulit
544 1391 688 1457 Canion.
710 1391 847 1456 Alardus
869 1417 945 1458 vero
971 1418 1071 1460 caecos
1098 1396 1197 1462 duces

137 1527 203 1568 non
218 1516 344 1566 tantum
356 1499 449 1587 sequi
460 1499 590 1580 solitus,
603 1495 660 1561 sed
672 1519 786 1562 eorum
798 1521 921 1562 errores
934 1501 1101 1589 ampliare,
1113 1503 1200 1567 exhi·

136 1609 193 1674 bet
206 1607 407 1697 Erphagttm.
421 1603 546 1693 Insigni
556 1619 643 1667 certe
654 1619 792 1692 uterquc
802 1603 988 1692 ignorantia
997 1621 1029 1670 et
1040 1608 1201 1697 negligen-

137 1716 180 1780 tia
193 1735 201 1779 t
215 1714 374 1809 Orpheus
384 1711 470 1776 enim
480 1759 489 1785 ‚
500 1731 546 1774 vs.
565 1709 711 1791 136,'ait,
977 1719 980 1727 '

255 1892 353 1944 Αὐτίκα
363 1884 390 1943 δ’
400 1881 535 1958 Atropldac
547 1886 588 1940 καὶ
601 1888 721 1957 §sinape
732 1882 787 1942 ht·
799 1891 924 1957 Κορωνὸς,

138 2070 195 2134 ubi
213 2081 345 2156 apparet
361 2089 430 2131 esse
447 2063 612 2152 epitheton
633 2063 762 2144 Coroni,
785 2082 817 2129 et
833 2067 969 2154 pessime
985 2067 1202 2134 Perdrierium

139 2174 274 2239 vertisse
289 2171 480 2261 Bupltagum
497 2168 613 2236 Coroni
614 2163 745 2254 filium,
761 2185 798 2234 ut
811 2173 916 2261 arguit
929 2173 1050 2262 optime
1063 2175 1206 2240 Eschen-

140 2281 293 2362 bachius,
307 2280 362 2368 qui
387 2277 452 2342 hoc
475 2274 657 2365 epitheton,
670 2276 802 2340 Herculi
822 2278 896 2343 alias
913 2277 1043 2362 datum,
1056 2281 1158 2346 robur
1174 2299 1206 2347 et

140 2385 366 2451 strenuitatem
398 2382 540 2447 indicare
569 2379 734 2478 ostendit:
754 2380 842 2445 unde
869 2402 1000 2473 apparet
1024 2387 1205 2451 versionem

142 2490 290 2556 Carrioni
304 2488 409 2554 fraudi
419 2487 536 2568 fuisse,
546 2501 578 2550 et
589 2507 700 2547 verum
715 2484 757 2550 de
770 2509 808 2549 eo
823 2509 907 2569 esse,
920 2489 1010 2576 quod
1025 2491 1151 2578 Lipsius
1165 2491 1206 2556 dc

141 2624 181 2664 eo
190 2597 352 2663 scribebat
360 2598 498 2660 Cantero
511 2596 545 2657 in
557 2592 659 2680 Epist.
667 2593 752 2672 LIX,
762 2595 893 2677 Cent3,
903 2620 920 2662 a
932 2597 1096 2662 Gabbema
1108 2597 1204 2679 edita,

142 2727 253 2796 grecae
268 2704 387 2792 linguae
400 2704 550 2792 ignarum
563 2699 662 2763 fuisse
674 2699 876 2782 Curionem,
893 2719 925 2766 et
939 2703 1092 2792 neglectis
1109 2706 1207 2769 fonti·

143 2813 217 2892 hus,
226 2809 426 2873 versionibus
435 2803 920 2894 acquievisse3immonegroecc
928 2807 1059 2897 quidem
1069 2810 1208 2874 scribere
1246 2889 1249 2906 1

143 2914 282 2980 novisse.
293 2914 342 2978 De
354 2914 419 2978 hoc
429 2936 506 2978 vero
523 2915 615 2981 titulo
634 2928 769 2998 βουφάγου,
781 2913 837 2997 qui
854 2913 985 2978 Herculi
1001 2915 1044 2978 ob
1057 2916 1211 2980 voracita·
1230 2935 1234 2941 ·

56 3063 62 3073 ·
145 3039 230 3102 tem,
243 3007 276 3085 e't
289 3020 364 3108 quin
379 3020 541 3109 integrum
560 3022 733 3110 aliquando
751 3023 868 3087 bovem
885 3019 1086 3102 comederat,
1097 3019 1211 3104 datus,

145 3123 338 3191 consulendi
352 3123 459 3188 Barth.
474 3123 516 3188 ad
529 3125 605 3191 Stat.
619 3127 665 3192 Vl
673 3176 682 3210 ,
697 3125 778 3210 532,
791 3143 824 3192 et
836 3125 1011 3215 spanhem.
1029 3125 1071 3190 ad
1086 3128 1209 3193 Gallim.

146 3227 297 3319 llym.'in
315 3229 470 3304 Dianam,
485 3251 532 3295 vs.
552 3230 612 3308 148
630 3246 663 3296 et
681 3233 754 3297 160.

194 3437 346 3520 BUTES,
378 3436 605 3519 Atheniensis,
636 3457 835 3503 memoratur
864 3439 1017 3525 Orpheo,
1048 3463 1092 3503 vs.
1126 3440 1210 3521 1383

149 3544 341 3634 Apollonio,
359 3545 390 3624 1,
408 3540 471 3629 953
484 3542 684 3632 Apollodoro
701 3561 733 3608 et
751 3545 895 3633 Hygin03
912 3566 973 3609 nec
990 3545 1128 3610 omissus
1142 3549 1212 3612 Val.

150 3651 283 3730 Flacco,
294 3650 328 3730 1,
341 3645 425 3735 394,
439 3648 513 3712 licet
530 3649 664 3712 Carrion
682 3670 757 3714 cum
775 3649 860 3713 inter
872 3651 1073 3738 Argonautas
1087 3651 1214 3716 Valerio

150 3770 348 3819 memoratos
357 3754 511 3818 omiserit.
523 3753 677 3818 Teleontis
686 3753 789 3834 filius,
801 3755 858 3841 qui
870 3753 1013 3818 diversus
1024 3777 1043 3818 a
1053 3755 1213 3836 Teleonte,

150 3875 243 3948 patre
263 3858 451 3941 Eribotae,a
466 3859 642 3923 Scholiaste
660 3859 823 3947 Apollonii
845 3858 973 3924 dicitur.
986 3844 1138 3924 Diuersus
1161 3861 1215 3944 hic

151 3990 170 4030 a
190 3965 272 4030 Bute
287 3980 467 4030 memorato
484 3963 619 4044 Ovidio,
636 3964 849 4046 MetamVIl,
865 3962 948 4047 500,
964 3965 1115 4030 Pallantis
1132 3963 1215 4046 lilio,

153 4073 302 4160 quamvis
318 4071 470 4136 Heinsius
483 4071 527 4134 ihi
545 4070 688 4135 Teleonte
699 4086 855 4148 creatum,
870 4094 930 4160 pro
946 4071 1097 4136 Pallante
1107 4073 1216 4152 conje-

154 4180 235 4243 cerit
246 4177 431 4267 legendnm.
445 4177 605 4242 Meursius
614 4199 708 4259 vcro,
728 4177 817 4242 utibi
829 4177 1026 4258 notavimus,
1046 4201 1106 4265 pro
1119 4177 1233 4269 Baete,x

244 4291 287 4356 H.
1045 4291 1085 4352 23
