3150 5126
423 539 810 606 ARGONAUTARU
820 537 864 602 M.
1111 543 1172 606 355

111 687 223 732 rasum
232 715 241 746 ,
251 665 315 745 jam
329 663 489 728 Venerem
502 677 615 743 vocat,
626 659 713 740 lenae
726 665 876 742 pulionem,
893 665 1034 750 reginam
1046 663 1175 748 Erycis,

112 772 148 836 id
158 788 224 852 est,
234 769 410 834 Scholiaste
419 767 705 857 explicante‚urbis
713 767 875 853 Erycisrsi
890 767 977 831 enim
990 768 1083 833 Butoe
1092 770 1177 838 filius

113 877 224 963 Eryx,
240 897 279 938 eo
292 889 437 960 tempore
449 872 526 936 urbs
536 888 623 935 certe
635 871 731 958 Eryx
742 870 890 935 nondum
903 888 986 953 erat,
1001 876 1052 940 vel
1064 879 1176 942 saltem

113 1004 154 1045 eo
166 979 299 1044 nomine
315 975 460 1066 insigniri
470 998 538 1039 non
555 992 695 1064 poterat,
712 976 772 1040 nisi
790 988 905 1056 πρόιιψιν
919 996 1113 1064 statuamus,
1129 985 1180 1048 vel

113 1085 219 1151 Buten
235 1085 325 1149 illum
343 1082 506 1148 diversum
522 1081 562 1144 ab
571 1089 769 1172 Argonauta.
782 1083 876 1147 Certe
892 1084 1026 1150 Diodor.
1042 1086 1103 1152 Sic.
1122 1089 1177 1154 lib.

115 1201 173 1281 tv,
191 1222 223 1288 p.
248 1199 325 1284 196,
340 1195 484 1283 loquitur
500 1193 541 1258 de
557 1194 650 1273 Bure,
666 1210 703 1258 ut
721 1193 833 1283 ignoto
846 1197 896 1261 vel
911 1197 1086 1287 indigena:
1104 1223 1179 1266 nam

116 1305 250 1392 Erycem
259 1302 360 1367 filium
369 1301 476 1381 Butae,
488 1311 607 1376 βασιλέως
620 1310 746 1380 ineptos,
757 1299 845 1365 dicit.
855 1301 1067 1390 Polyeaorrem
1077 1305 1177 1372 filium

115 1411 210 1476 Butoe
221 1423 376 1474 memorat
387 1405 522 1472 Pausan.
540 1405 595 1470 lib.
612 1406 669 1487 IV,
689 1428 726 1488 a,
741 1428 839 1494 quem
855 1407 982 1497 ignoro.
997 1411 1105 1492 Alius,
1122 1413 1180 1477 sed

117 1515 304 1607 ignorabilis
329 1515 440 1602 plane,
465 1513 560 1578 Butes
587 1527 785 1576 memoratur
811 1512 852 1577 ab
879 1515 1055 1603 interprete
1081 1519 1178 1582 veteri

88 1687 90 1690 ,
119 1621 467 1701 ιιιᾱιιοιιιιῃωμι.
482 1620 564 1708 6093
578 1619 618 1684 ue
636 1641 702 1707 quo
716 1607 1128 1708 mensuremus(

164 1860 359 1941 CAENEUS,
377 1860 460 1924 Elati
487 1857 590 1939 lilius,
608 1857 649 1921 ab
676 1857 805 1947 Hygino
832 1859 901 1923 solo
928 1860 1068 1926 refertur
1098 1863 1183 1928 inter

121 1973 339 2058 Argonautas3
363 1964 420 2030 sed
453 1964 636 2053 suspicetur
670 1963 867 2046 Munkerus,
891 1965 944 2030 lrie
971 1966 1119 2054 quedam
1145 1991 1183 2032 ex

123 2073 334 2162 Apollonioa
360 2072 536 2161 glossatore
557 2068 700 2157 quodem
723 2069 898 2158 descripta,
916 2071 971 2158 qui
991 2071 1109 2138 Coroni
1124 2077 1185 2138 Ar·
1223 2102 1227 2120 ν

121 2195 273 2268 gonautoe
294 2177 503 2257 memoriam,
516 2177 609 2256 cujus
632 2191 724 2262 pater
745 2175 808 2240 fuit
832 2175 977 2256 Correus,
996 2179 1098 2242 voluit
1114 2179 1187 2242 illu·

123 2299 244 2364 strare3
261 2281 351 2369 quod
368 2296 476 2345 tamen
493 2281 602 2344 nescio
617 2303 659 2344 an
676 2279 879 2368 persuadeat,
894 2305 998 2370 quum
1022 2283 1058 2347 in
1076 2286 1188 2350 ultima

125 2405 215 2478 parte
253 2387 338 2468 illius
370 2387 483 2476 capitis
516 2389 555 2462 14
586 2403 750 2450 recenseat
783 2387 882 2452 Genea
909 2388 1063 2470 alterum,
1094 2391 1189 2457 Coro·

123 2497 170 2558 nis
179 2488 297 2578 filium
310 2490 387 2578 (ubi
403 2507 489 2556 certe
505 2490 621 2555 Coroni
624 2487 721 2575 stitus
744 2492 954 2580 legendum),
968 2517 1067 2582 quem
1086 2499 1190 2560 nemi·

125 2621 200 2662 nem
218 2598 343 2662 novisse
360 2597 420 2677 ait,
437 2618 540 2684 quum
554 2594 692 2660 Coronos
708 2595 805 2658 luerit
821 2595 904 2660 filius
917 2597 1041 2680 Coenei,·
1054 2616 1086 2664 et
1103 2619 1191 2670 certe

126 2707 197 2770 loca
211 2705 266 2768 illa
281 2703 400 2791 Hygini
418 2703 500 2765 male
514 2702 627 2764 aflecta
646 2721 714 2762 esse
732 2699 917 2766 credibilius
933 2721 998 2784 est,
1020 2706 1096 2792 quia
1119 2729 1194 2772 nus·

127 2833 226 2899 quam
243 2809 364 2873 mentio
382 2807 498 2872 Coroni
512 2803 670 2885 occurrit,
684 2825 782 2892 quem
799 2806 852 2868 alii
867 2806 1083 2873 adnumerant
1095 2813 1194 2900 Argo-

128 2915 252 2980 nautis:
266 2935 365 3002 quare
381 2913 415 2976 in
430 2911 536 2999 primo
554 2910 626 2972 loco
640 2909 834 2974 assentimur
845 2910 1011 2976 Scheffero
1034 2931 1067 2978 et
1091 2915 1193 2978 Mun-

128 3023 225 3101 kero,
246 3020 303 3108 qui
329 3041 448 3083 nomen
477 3017 592 3082 Coroni
613 3013 768 3094 excidisse
790 3016 943 3100 credunt,
966 3035 999 3082 et
1023 3022 1193 3110 supplent,

115 3126 272 3191 ,Corortus
287 3123 393 3189 Crenei
402 3119 518 3208 filius,
532 3121 606 3184 urbe
619 3118 767 3204 Gyrtone.
780 3119 970 3186 scholiastes
980 3138 1088 3188 tamen
1101 3128 1197 3213 Apol·

130 3231 226 3312 lonii,
247 3231 277 3310 1,
301 3229 354 3316 57,
371 3227 466 3306 dicit,
486 3223 643 3312 quosdam
671 3222 801 3304 Cema,
827 3248 894 3290 non
927 3227 1083 3294 Cororutm
1111 3232 1196 3296 inter

131 3341 333 3427 Argonautas
356 3333 510 3398 retulisse.
529 3333 623 3396 Forte
638 3330 706 3394 haec
726 3331 876 3396 confusio
897 3333 974 3398 inde
997 3351 1086 3418 nata,
1105 3337 1196 3424 quod

132 3441 264 3530 quidam
288 3441 418 3521 Caeneo,
437 3459 503 3502 non
527 3437 609 3500 Elati
632 3433 750 3516 lilium,
765 3436 822 3500 sed
840 3439 935 3503 etiam
952 3441 1075 3505 Coroni
1094 3441 1196 3507 lilium

133 3547 282 3625 fecerint,
295 3567 377 3632 quos
393 3557 549 3631 sequutus
565 3540 712 3628 Hyginus
728 3540 809 3621 iuit3
820 3542 864 3606 ita
878 3559 963 3608 certe
974 3562 1089 3610 aucmr
1100 3541 1200 3612 Scho-

133 3651 251 3714 liorum
274 3649 421 3729 Homeri,
436 3649 469 3710 in
491 3646 581 3710 Iliad.
598 3645 648 3725 11,
667 3643 745 3731 745,
759 3654 910 3721 sessulae,
926 3666 963 3712 ut
978 3651 1023 3715 ibi
1039 3653 1198 3718 Leonteus

133 3771 278 3837 vocatur,
292 3755 425 3844 explicat
436 3765 561 3824 uester,
572 3757 662 3826 παιδὸς
677 3764 798 3834 Κορώνου.
820 3753 953 3818 Carrion
967 3756 1119 3845 Catalogo
1138 3781 1198 3823 suo

135 3861 304 3949 adscripsit
322 3882 453 3947 quoque
472 3859 604 3939 Certen,
621 3875 657 3924 ut
674 3860 715 3924 ab
737 3861 871 3949 Orpheo
893 3879 1129 3945 memoratum3
1143 3864 1198 3928 sed

136 3968 204 4046 ille,
216 3989 262 4030 rs.
281 3967 351 4051 167,
369 3963 409 4030 de
429 3963 620 4053 Polyphemo
635 3966 742 4029 Conci
757 3965 855 4028 fratre
873 3967 958 4054 agit,
975 3990 1042 4033 non
1065 3967 1105 4032 de
1128 3968 1198 4057 ipso

138 4075 274 4154 Caeneo;
294 4071 355 4134 nisi
375 4071 408 4134 in
431 4087 585 4159 corrupto
609 4071 664 4135 illo
676 4093 772 4134 versu
795 4071 856 4136 168
881 4072 978 4138 lateat
997 4075 1135 4140 Cernens.
1150 4075 1199 4139 De

137 4181 256 4242 Caeneo
270 4199 347 4240 vero
363 4176 570 4265 Lapitharum
589 4178 623 4240 in
639 4199 768 4265 pugna,
782 4175 928 4267 'ejusque
956 4181 1117 4246 miraculis
1133 4180 1199 4245 rid.

138 4282 233 4346 ovid.
256 4281 356 4362 xm,
378 4281 443 4366 459
466 4297 498 4345 et
523 4305 590 4370 seq.
612 4280 669 4345 ubi
692 4298 724 4345 et
746 4281 892 4346 Elateius
917 4283 1035 4349 dicitur
1053 4309 1099 4352 vs.
1124 4277 1200 4372 2497.
1296 4335 1301 4342 -

1004 4405 1055 4467 23.
