3150 5126
363 528 427 594 312
800 523 992 594 OllPllEI

407 657 519 724 lusula
533 653 690 720 Poeanthe
705 652 807 720 fessos
824 656 970 747 excepit3
990 671 1024 720 at
1042 655 1127 722 illam

406 769 552 838 Adverso
568 768 665 834 remia
681 768 884 836 circumdant
902 769 1036 838 flumine
1052 793 1151 836 cursu

406 886 536 976 ingenti
555 884 687 967 Phasis,
709 885 950 974 tranquilloque
965 907 1061 951 amne
1078 885 1253 976 Saranges,

408 999 518 1084 Quem
534 1013 704 1088 stagnante
719 998 811 1087 palus
829 998 955 1065 Maeotis
972 1000 1101 1090 gurgite
1119 999 1221 1064 latum

407 1115 523 1206 Sparsa
545 1135 604 1204 per
619 1111 760 1202 irriguos
779 1113 968 1180 transmittit
982 1113 1018 1178 in
1033 1136 1165 1204 aequora
1178 1135 1321 1202 campos.

451 1230 546 1294 Tunc
562 1249 641 1318 ergo
656 1226 769 1292 obnixi
787 1227 884 1294 remis
900 1244 1078 1318 comesque
1095 1227 1229 1316 diesque

407 1342 599 1422 Currimus3
615 1339 694 1405 binc
708 1340 816 1407 fauces
829 1357 1000 1432 cogentem
1017 1345 1185 1432 Bosporon
1198 1357 1301 1407 arctas
1383 1363 1435 1408 ross
1563 1363 1564 1376 ¹

406 1457 640 1540 Transilimus,
656 1473 752 1520 tauro
771 1456 866 1521 'litan
884 1456 943 1522 ubi
965 1456 1092 1522 fortiter
1109 1478 1188 1521 usus

406 1573 546 1654 Trajccit
568 1571 704 1638 flurium
725 1569 876 1638 facientia
893 1587 1004 1662 stagna
1019 1571 1207 1661 palustrem.

408 1689 494 1754 Hinc
506 1687 573 1769 jam
591 1685 728 1776 remigio
741 1686 858 1776 longos
878 1686 1015 1752 faciente
1031 1685 1157 1750 labores

408 1802 544 1868 Moeotas
560 1801 680 1866 tunicis
696 1799 804 1890 primo
818 1799 1039 1890 contingimus
1057 1799 1151 1880 altis,

410 1916 546 1982 Finibus
570 1915 713 1980 errastis
731 1915 892 1980 immaruo
912 1914 1002 1979 crine
1019 1913 1181 1993 Gelonos,
1383 1929 1438 1967 ιώ·

410 2031 697 2118 Samnniumque,
719 2029 899 2117 Getasque,
916 2027 1110 2116 Gymnoos,
1127 2025 1393 2115 Cecrypbasque,

411 2147 618 2234 Aasopasque
638 2144 737 2210 leram
759 2159 907 2232 gentem,
924 2163 1089 2230 mosque
1106 2139 1317 2220 Arimastbas,

411 2263 479 2348 Qui
495 2263 616 2351 positas
633 2261 781 2326 habitant
801 2261 924 2326 οἱπειιιιι
941 2257 1091 2325 Mentida
1105 2275 1216 2324 terras.

455 2379 515 2444 Ast
532 2377 590 2442 ubi
612 2375 805 2442 inexhausto
821 2376 1049 2442 contristavere
1067 2373 1178 2439 labore

412 2491 482 2556 Nos
497 2490 625 2579 superi,
644 2507 678 2555 et
694 2506 789 2556 vastat
802 2488 884 2554 vada
899 2505 977 2556 sunt
993 2489 1179 2555 transmissa
1196 2485 1341 2578 paludis,
1386 2503 1439 2542 ¹0⁵⁵

408 2606 471 2670 Vix
487 2605 618 2672 tandem
635 2606 733 2672 exitio
752 2606 926 2696 eripimur,
941 2606 1146 2696 pulsantibus
1162 2608 1250 2696 Argo

413 2722 569 2788 Demissis
584 2721 701 2787 tabulis
712 2769 722 2804 ,
735 2738 769 2787 et
780 2723 847 2804 jam
864 2722 1020 2788 stridente
1035 2722 1153 2788 carina.

415 2836 498 2902 lndc
515 2836 577 2901 sub
591 2837 734 2918 Arctois,
750 2852 890 2925 angtuto
905 2853 996 2924 rapta
1012 2851 1140 2918 meatu,

413 2951 551 3016 Finibus
570 2972 729 3015 occanum
743 2967 857 3016 tersus
874 2951 1055 3040 prolabitur
1069 2954 1178 3042 Arg03

416 3063 542 3129 Defessi
558 3079 736 3152 noctesque
755 3086 873 3128 norem
895 3063 1032 3130 totidem
1049 3085 1182 3152 quoque
1199 3062 1301 3144 soles,
1391 3085 1440 3124 rsa·

418 3175 612 3262 Linquimus
627 3173 705 3239 binc
719 3191 816 3264 atque
829 3176 906 3242 binc
919 3177 1046 3267 ignotas
1062 3178 1196 3242 nornine
1211 3193 1341 3268 gentes,

418 3288 561 3371 Pacton,
575 3292 783 3376 Arctecnquc
798 3313 917 3379 genus,
929 3291 1100 3380 Leliosquc
1115 3289 1255 3374 feroces,

419 3399 658 3488 Belligerosque
672 3401 806 3490 Scythas
822 3402 957 3470 devotos
972 3421 1103 3494 pectora
1120 3405 1234 3488 Marti,

421 3514 527 3600 Atque
542 3529 649 3580 truces
662 3515 804 3600 Tauros,
818 3517 961 3583 crudelia
974 3541 1062 3584 sacra
1081 3520 1219 3585 ferentes

421 3627 511 3693 Divae
527 3628 670 3694 Hecatae:
685 3629 831 3695 humano
849 3633 1015 3720 complent
1029 3650 1150 3700 cratera
1166 3656 1293 3700 cruore
1394 3651 1443 3692 10⁶⁵

423 3744 512 3826 Quin
532 3761 564 3809 et
583 3745 809 3834 Hyperboreos
825 3745 988 3812 Nomadas
1007 3763 1040 3814 et
1057 3749 1171 3836 Caspia
1185 3747 1333 3814 claustra.

399 3821 406 3863 l
467 3863 575 3948 Atque
590 3859 646 3924 ubi
665 3860 737 3926 dira
752 3860 837 3927 diem
851 3862 919 3944 jana
937 3863 1060 3927 clarum
1076 3885 1193 3928 aurora
1210 3861 1353 3946 revexit,

423 3974 593 4062 Rhiphaeas
608 3975 705 4040 valles
720 3978 925 4068 attingimus,
940 3976 1017 4042 inde
1029 3993 1162 4068 repente

425 4089 554 4153 Prosilit
567 4090 695 4178 angusti
712 4092 829 4179 puppis
847 4115 904 4179 per
920 4092 1013 4156 litora
1031 4094 1142 4181 ponti,

427 4203 657 4292 Oceanumque
673 4203 780 4268 intrat.
800 4205 970 4272 Saturnius
989 4208 1057 4296 ipsc
1072 4223 1204 4273 vocatur
1397 4230 1444 4270 ¹⁰70
