3192 5138
444 511 825 633 ARGONIIU'I'ICON
855 567 941 631 LIB.
958 566 1059 629 VIII.
1219 565 1282 629 203

258 701 464 782 Terrificant,
481 723 664 790 magnoque
678 701 783 788 impar
800 700 924 788 urgeris
940 699 981 762 ab
1001 698 1120 763 hoste?

259 817 360 906 Finge
381 831 464 879 rates
484 816 575 897 alias,
594 833 627 879 et
643 814 751 880 adhuc
770 815 889 894 majora
905 814 992 878 coire

259 931 416 1020 Agmina5
435 929 523 994 nulla
540 927 646 994 fides?
672 929 768 992 nullis
785 951 845 1019 ego
861 927 958 1018 digna
973 927 1100 1018 periclis
1111 928 1140 1026 I’¹
1244 943 1283 987 tto

260 1046 335 1110 Non
353 1044 458 1110 merui
472 1037 680 1132 mortemque
694 1060 784 1109 tuam
799 1044 1023 1132 comitumque
1038 1043 1195 1107 tuorum?

260 1161 382 1224 Vellem
400 1157 552 1247 equidem
571 1160 673 1224 nostri
687 1159 867 1249 tetigissent
881 1159 974 1223 litora
992 1159 1090 1249 patris

261 1278 306 1340 Te
324 1277 410 1358 sine,
428 1275 560 1363 duxque
577 1276 639 1340 illis
654 1276 735 1340 alius
758 1277 957 1365 quicumque
977 1275 1100 1340 fuisset.

262 1390 359 1454 Nunc
376 1404 540 1470 remeant,
557 1412 675 1477 meque
691 1412 767 1454 ecce
784 1388 899 1476 (nefas)
914 1407 947 1454 et
962 1387 1098 1454 reddere
1115 1405 1269 1476 possunt,

261 1505 330 1570 Nec
343 1527 416 1594 spes
432 1504 496 1568 ulla
509 1527 626 1593 super:
648 1505 727 1593 quin
745 1522 781 1570 tu
799 1528 870 1570 mea
883 1505 1005 1594 respice
1021 1505 1133 1570 saltem
1245 1523 1284 1571 tu

263 1619 423 1696 Consilia,
441 1635 473 1684 et
491 1619 593 1683 nimio
609 1620 766 1684 comitum
784 1643 825 1685 ne
844 1618 922 1685 cede
943 1620 1063 1683 timori.

263 1733 409 1799 Credidit
424 1734 573 1799 ardentes
590 1735 662 1824 quis
681 1751 714 1798 te
728 1758 818 1800 nunc
832 1735 969 1825 jungere
987 1750 1096 1798 tauros

264 1847 385 1913 Posse?
401 1849 474 1936 quis
492 1848 532 1913 nd
550 1850 624 1913 saevi
646 1865 821 1913 venturum
844 1849 963 1937 templu
985 1847 1158 1912 draconis?

264 1961 292 2024 Ο
310 1960 433 2024 utinam
456 1983 532 2052 ergo
553 1985 645 2026 meus
661 1985 722 2051 pro
740 1979 773 2027 te
794 1986 870 2048 non
884 1964 995 2028 omnia
1015 1978 1143 2051 posset,

264 2079 369 2164 Atque
379 2074 501 2164 aliquid
517 2075 681 2141 dubitaret
694 2080 798 2143 amor!
813 2079 893 2166 quin
908 2101 997 2142 nunc
1009 2101 1142 2166 quoque
1155 2099 1262 2165 quaere

265 2191 352 2275 Quid
364 2191 487 2272 jubeas.
501 2191 587 2256 Heu!
600 2191 698 2273 dure,
711 2193 801 2275 siles,
816 2216 1036 2283 magnumque
1049 2191 1192 2256 minatur
1247 2211 1285 2256 tu

251 2361 304 2415 iii.
317 2362 418 2408 Poscuttt
427 2358 491 2422 npnd
501 2361 587 2408 Mater.
600 2371 624 2408 et
634 2362 724 2424 recepit
735 2363 764 2409 oL
773 2365 883 2424 anuer.
902 2389 932 2398 -
945 2364 999 2423 437.
1011 2363 1122 2411 Reddidit
1131 2363 1237 2409 ardenter
1247 2366 1289 2427 qni

220 2457 245 2486 te
254 2451 312 2486 tene.
321 2439 395 2488 vnete.
405 2441 495 2487 Bonorn
509 2439 581 2486 codd.
600 2443 690 2487 Bouou.
709 2441 727 2488 I.
745 2441 843 2488 Credidit
856 2441 958 2488 ardenter
969 2443 1021 2506 quie
1032 2459 1057 2488 te
1067 2451 1127 2488 tune.
1145 2445 1236 2490 Bonon.
1249 2444 1286 2498 II,

220 2528 245 2566 et
258 2519 309 2566 elin
323 2534 399 2581 usque
413 2519 443 2566 td
460 2521 540 2566 Bnrrn.
560 2545 591 2556 -
608 2520 663 2581 439.
679 2520 726 2566 Pro
740 2530 761 2565 te
775 2535 835 2566 nene
851 2523 935 2567 omnia.
949 2524 1040 2567 Boron.
1051 2521 1104 2568 cod.
1115 2548 1146 2557 -
1155 2528 1210 2577 440.
1220 2524 1288 2570 Nunc

220 2615 310 2664 quoqne
322 2615 406 2663 qnare.
421 2599 459 2647 Sic
467 2599 541 2647 tuuc.
551 2601 641 2646 Bonon.
651 2600 723 2646 codd.
735 2601 825 2648 Boron.
837 2603 857 2647 I.
871 2603 958 2662 Quam.
975 2603 1066 2648 Bonou.
1081 2601 1111 2647 II.
1128 2603 1210 2662 Quare.
1222 2603 1288 2648 lunt.

221 2678 275 2725 Atd.
288 2679 380 2740 Quaetit.
392 2681 478 2726 Meter.
488 2679 588 2740 Enpent.
604 2705 635 2714 -
650 2687 705 2736 itt.
721 2679 764 2726 IIio
780 2695 859 2726 versut
874 2681 899 2726 in
915 2680 1024 2726 omnibus
1034 2679 1103 2726 codd.
1112 2689 1138 2726 et
1145 2679 1287 2727 editionibus

221 2759 339 2820 plerquue
349 2767 404 2820 poet
419 2774 452 2804 rs.
471 2759 518 2813 itio
536 2758 602 2823 (sotto
616 2760 664 2822 atr)
676 2759 831 2807 interseritur.
840 2761 954 2807 Meterius
968 2761 1032 2806 hune
1046 2760 1118 2806 hebet
1133 2769 1188 2822 post
1204 2777 1225 2808 v.
1242 2761 1288 2817 4⁶3

221 2837 331 2900 (Nomina
349 2835 477 2900 Palladia).
493 2837 628 2885 omiserunt
644 2837 710 2884 illum
722 2839 822 2900 Eugent.
833 2839 910 2886 Colin.
928 2840 1017 2901 Gryph.
1033 2841 1081 2886 Suo
1098 2839 1166 2893 Ioco,
1190 2850 1216 2886 ut
1232 2839 1291 2886 mihi

222 2915 325 2970 ridetur,
335 2915 439 2978 reposui.
451 2925 475 2962 et
485 2916 653 2964 centurioni
664 2917 777 2964 lectiones
791 2927 815 2965 et
825 2917 849 2964 in
858 2919 903 2966 hoe
912 2935 981 2966 versu
992 2928 1015 2964 et
1026 2917 1050 2964 in
1062 2917 1214 2980 precedenti,
1231 2935 1289 2980 ques

221 3005 377 3057 preposterus
392 2995 453 3041 ordo
470 3005 561 3042 mutue
581 3006 694 3050 omnent,
711 2987 813 3045 semu.
829 2999 889 3060 Quid
900 2998 993 3062 jubear.
1013 2998 1051 3046 sto
1064 2998 1140 3045 tatio.
1158 2998 1211 3044 eod.
1230 2999 1291 3058 Quid

222 3073 319 3120 dubitat.
335 3077 424 3120 Bouom
433 3073 486 3124 cod.
498 3083 522 3120 et
534 3074 589 3122 edd.
598 3089 686 3122 omnes.
703 3077 745 3122 En.

223 3232 295 3304 pisti.
314 3232 347 3282 At
364 3249 443 3298 vero,
460 3232 521 3295 fac,
538 3235 620 3284 attae
636 3235 734 3304 majora
779 3244 833 3282 sent
842 3227 949 3282 comites
965 3227 1003 3280 tui
1020 3230 1090 3280 litora
1099 3229 1178 3294 patris
1188 3228 1288 3286 sinete,

174 3339 176 3344 .
223 3314 287 3363 ecire
302 3313 423 3379 agmina
439 3315 509 3364 nulla
518 3313 685 3382 fidetenum
704 3312 735 3363 fl·
778 3321 835 3362 tum
854 3309 888 3362 de
907 3307 940 3360 iis
960 3319 1049 3360 actum
1069 3306 1171 3366 fuisset,
1189 3309 1292 3374 duxque
1333 3368 1335 3380 Ι

131 3419 137 3425 ·
222 3390 284 3443 dem
304 3389 394 3444 dalem
415 3391 507 3443 tallere
530 3390 568 3442 fet
589 3389 643 3443 sit?
661 3395 734 3442 nullis
777 3393 826 3442 r'ttr's
839 3392 902 3440 atius
917 3391 1063 3456 qttt'ctunque
1072 3387 1177 3456 fnisset,
1193 3383 1290 3438 nultius

223 3487 271 3536 ego
290 3471 366 3538 digna
385 3471 500 3538 perietis,
526 3487 591 3540 ego,
610 3470 734 3540 inquam,
779 3487 857 3522 cansa
881 3468 1014 3532 iecissem,
1033 3466 1105 3538 quod
1127 3479 1172 3519 tua
1196 3483 1290 3528 causa,

223 3567 283 3622 que
297 3560 336 3601 tot
345 3548 468 3620 periculis
482 3558 561 3600 temet
574 3547 736 3620 eripuerim?
780 3548 820 3600 tui
834 3547 1009 3599 amentissime
1020 3547 1083 3599 ieci.
1095 3551 1168 3598 Nunc
1182 3558 1293 3597 remeant

260 3628 322 3687 431.
336 3633 393 3681 Non
414 3631 492 3680 merui
507 3643 735 3696 mortemqrtetuam
779 3625 953 3679 ameservau'
966 3625 1155 3678 etincolumet.

224 3711 383 3776 comitemque
396 3718 514 3759 morum?
526 3707 648 3761 Valerius
663 3709 685 3761 si
697 3709 736 3762 ita
815 3703 875 3770 435.
895 3709 958 3773 Quin
977 3719 1003 3756 tu
1024 3725 1079 3757 mea
1096 3708 1187 3773 respice
1204 3705 1291 3755 saltem

223 3785 342 3856 scripsit,
352 3786 404 3839 hoc
415 3784 513 3840 voluit:
523 3798 577 3838 tem
588 3788 691 3859 egregie
703 3786 737 3840 de
780 3787 885 3836 consilia
903 3783 1004 3836 fortiter
1017 3783 1170 3849 resistendi,
1180 3797 1205 3834 et
1217 3784 1292 3832 nimio

223 3865 415 3930 vobismerui,
429 3851 513 3920 ntiel
527 3877 650 3932 mortem,
665 3865 687 3919 si
701 3865 736 3918 ite
780 3874 907 3916 nontam
932 3874 993 3928 tuo,
1011 3883 1091 3936 quam
1111 3861 1240 3915 comitum
1260 3881 1293 3914 rte
1321 3883 1325 3890 ’

224 3963 292 4016 opus
305 3945 426 4008 sit,men
440 3964 517 3998 cauta
527 3945 615 3998 subire
628 3944 737 3998 debere·
780 3949 840 3996 cede
871 3947 956 3996 tirnon‘.
988 3941 1156 4006 &cordex-is,
1184 3951 1293 4012 quaesog

225 4022 265 4076 tis.
285 4023 397 4077 Mirifice
422 4035 512 4078 tamen
537 4025 640 4096 piacet,
663 4022 736 4095 quod
779 4041 860 4093 quam
878 4020 1042 4076 incredibilia
1061 4019 1210 4084 m0d0‚me
1224 4019 1294 4072 euxi-

225 4101 345 4157 Heinsius
356 4104 486 4175 conjecit:
501 4109 655 4172 Martemque
667 4118 733 4154 tutan
779 4098 875 4166 Iinute,
895 4101 1052 4174 perfecerim
1066 4111 1156 4153 tauros
1170 4099 1293 4153 ardentes

225 4186 399 4251 contumque,
420 4195 540 4237 utrumn
559 4203 609 4255 pro
631 4202 673 4236 me
695 4201 736 4236 cn·
780 4182 881 4249 vicisti,
897 4187 1045 4252 attempta,
1059 4183 1162 4247 lucum,
1178 4184 1293 4232 draconis

226 4262 313 4332 piatis.
782 4261 884 4314 venisti.

263 4341 322 4407 ⁴3²·
334 4346 427 4396 Vellem
438 4346 549 4412 equidem
561 4347 639 4396 nostri
647 4343 739 4410 tetigit·
820 4343 879 4412 439.
894 4349 915 4394 0
933 4347 1025 4395 utinam
1045 4359 1104 4409 ergo
1125 4359 1190 4394 mens
1206 4359 1253 4410 pm
1272 4357 1296 4395 te
