3150 5126
496 516 879 607 lacessuntur.
1167 543 1230 630 2⁸7

200 672 269 736 Nec
283 672 358 736 forti
371 673 508 738 heroum
526 673 637 740 dextra
652 675 837 764 impellente
852 690 1010 739 movetur.

201 786 354 876 Obriguit
370 787 476 877 gelido
496 804 565 852 mm
582 810 694 854 rursus
710 803 843 878 pectore
859 789 970 872 lason,

205 908 247 971 Et
264 922 317 968 me
333 905 525 992 respiciens,
547 923 585 970 ut
604 905 707 969 nostri
723 905 866 969 carmine
881 905 996 994 plectri

200 1021 294 1086 Vires
313 1034 412 1107 atque
424 1019 549 1085 animos
564 1017 697 1086 defessis
715 1019 824 1084 innuit
843 1019 970 1085 addaiu.

190 1139 263 1214 ,Αεῐ
279 1155 340 1224 ego
358 1157 435 1200 cum
453 1134 575 1200 cithara
592 1135 767 1201 meditatus
783 1135 927 1200 carmina
941 1149 1069 1217 noum,

203 1247 440 1337 Mellilluasque
457 1255 529 1314 m'ea
545 1271 700 1314 resonans
719 1273 796 1314 cum
813 1247 916 1314 matre
926 1251 1116 1330 'Gamoenas,

203 1366 250 1428 Fr
268 1365 338 1428 irno
354 1359 466 1428 dulces
480 1361 621 1453 produxi
637 1379 769 1453 pectore
786 1385 900 1429 voces:

246 1479 395 1570 «Egregii
408 1478 541 1560 heroes,
562 1479 680 1568 Minyae
694 1471 851 1568 generosa
868 1499 1030 1568 propago,

202 1595 260 1658 Eia
273 1595 370 1684 agite,
385 1593 513 1658 invictis
526 1593 644 1658 alacres
660 1594 814 1683 impellite
830 1593 926 1660 funes

205 1710 415 1792 Pectoribus,
433 1709 538 1774 solido
554 1725 587 1774 et
600 1709 732 1800 vestigia
749 1707 837 1800 figite
854 1731 984 1802 gressu,

202 1827 338 1891 Summa
350 1825 472 1915 pedum
487 1825 625 1916 geminis
639 1825 742 1890 innixi
756 1823 920 1890 extendite
935 1827 1066 1914 plantis,

206 1943 249 2006 lit
265 1943 329 2006 laeti
346 1943 379 2005 in
397 1939 515 2006 lluctus
527 1944 615 2031 Argo
631 1939 775 2029 proferte
794 1963 943 2022 serenos,

204 2057 287 2141 Quae
303 2057 448 2121 trabibus
467 2055 600 2144 quernis
618 2071 785 2143 compacta
802 2073 869 2137 est,
886 2057 1095 2146 fagineisque.

203 2173 333 2262 Pergite
347 2193 427 2236 voce
442 2195 533 2254 mea,
550 2171 641 2260 prius
656 2185 705 2236 est
717 2193 754 2235 ea
768 2173 897 2264 cognita
910 2171 1021 2256 vobis,
1196 2193 1232 2232 sn.

203 2289 317 2372 Quum
333 2287 495 2352 traherem
514 2307 654 2375 quercus
673 2307 844 2350 nemorosa
862 2287 896 2350 in
915 2287 997 2352 valle
1011 2287 1167 2370 colones,

203 2405 245 2468 Et
260 2419 400 2493 pontum
419 2417 566 2492 peterent
583 2417 698 2466 cantus
717 2401 758 2466 de
772 2403 893 2467 vertice
909 2403 1029 2467 montis

202 2518 282 2582 Saxa
300 2490 438 2606 sequuta
454 2538 563 2580 meos:
582 2517 628 2580 sic
641 2529 678 2579 tu
695 2515 845 2604 proclivis
859 2516 893 2578 in
910 2515 1015 2581 undas

203 2635 258 2698 Me
274 2653 410 2722 sequere
423 2619 606 2720 equoreas:
627 2647 755 2695 moveat
772 2629 887 2696 fiducia
907 2649 1025 2696 nostrae

204 2749 249 2812 Ut
263 2770 415 2836 properes
430 2745 576 2828 citharae,
596 2768 661 2810 vox
674 2761 706 2810 et
719 2745 826 2810 divina
843 2745 987 2811 canentis
1004 2779 1027 2812 ι.
1193 2766 1231 2804 ‚ss

248 2862 318 2926 Nec
339 2883 446 2942 mora,
475 2859 625 2948 prosiluit
641 2858 799 2942 stridens,
819 2860 983 2949 sensitque
999 2861 1114 2926 carinae

205 2974 342 3040 Subdita
359 2996 523 3038 concussae
540 2975 667 3038 callenti
684 2974 775 3064 fagus
792 2973 832 3038 ab
846 2975 933 3064 Argo

205 3088 360 3153 Palladias
376 3103 477 3153 artes:
503 3088 591 3152 stetit
605 3088 696 3152 ocius
713 3088 765 3152 illa
781 3109 839 3176 per
852 3087 976 3168 undas,

204 3189 465 3294 Congeriemque
480 3205 564 3268 levat
574 3226 587 3284 ;,
606 3219 696 3267 vasto
715 3219 803 3267 natat
816 3203 916 3268 ardua
933 3219 1055 3292 ponto,

207 3321 249 3384 Et
263 3319 402 3384 trabium
420 3319 535 3383 densas
552 3317 677 3398 disjecit
692 3335 780 3383 mota
792 3319 983 3409 phalanges,

207 3435 283 3497 Uno
300 3449 460 3522 proteusae
474 3433 586 3496 subter
603 3453 675 3520 quae
691 3433 770 3496 fune
782 3432 941 3510 jacebant.

207 3547 393 3638 Ingreditur
412 3563 544 3637 portum
565 3547 727 3637 gaudens5
740 3547 804 3627 jam
822 3547 917 3632 litore
934 3547 1020 3614 cedit

206 3663 304 3728 Unda
325 3685 534 3754 repercusso,
554 3664 713 3750 laetusque
730 3662 868 3725 exsultat
885 3663 990 3727 lason.

210 3781 315 3868 Argus
332 3780 393 3842 init
407 3779 492 3843 saltu
507 3773 663 3868 puppim,
676 3777 867 3866 Tiphysque
881 3794 1057 3865 sequutus,

209 3895 249 3958 Et
266 3918 323 3958 sua
338 3917 476 3982 quaeque
493 3895 568 3958 viris
585 3892 664 3958 dant
679 3909 878 3957 armamenta
896 3892 1053 3982 locisque.
1202 3915 1239 3966 ²7⁵

209 4009 352 4100 Erigitur
367 4011 488 4090 malus,
505 4010 614 4073 velum
627 4032 743 4098 super;
761 4007 839 4072 hinc
853 4031 986 4097 quoque
1003 4009 1128 4072 clavum

207 4124 276 4188 Sub
291 4124 424 4214 puppim
443 4139 598 4204 nectunt,
617 4138 650 4186 et
666 4123 743 4186 loris
757 4123 885 4188 fortiter
898 4139 1026 4212 urgent.

207 4240 252 4301 At
268 4254 442 4324 postquam
463 4238 560 4301 remis
579 4237 735 4300 instructa
749 4253 797 4300 est
811 4237 900 4301 navis
915 4237 1092 4324 utrinque,
