3220 5128
416 455 479 520 388
803 453 1091 519 CATALOGUS

416 585 563 672 Hyginus
581 599 690 660 notat,
705 580 861 670 quosdam
876 580 1066 662 credidisse,
1080 579 1214 668 Iphitum
1231 577 1364 666 Hippasi
1376 575 1476 642 filiurn

415 690 531 768 fuisse,
551 705 582 750 ct
600 711 636 750 ex
656 687 881 774 Peloponneso
896 687 1030 750 venisse.
1050 687 1097 748 lta
1121 701 1205 748 essct
1222 685 1319 747 frater
1332 685 1471 764 Actoris,

415 792 456 856 de
477 815 545 880 φιο
570 791 642 856 vide
660 813 775 878 supra,
796 813 867 878 quoe
886 791 994 854 omnia
1014 793 1099 853 inter
1114 813 1147 852 se
1164 790 1332 854 conciliare
1348 811 1414 852 non
1429 807 1475 852 est

415 899 486 986 opis
500 913 627 960 nosuae.
643 897 718 958 Filia
733 895 832 983 lpbiti
845 895 1024 979 Eurynome
1035 893 1166 973 dicitur,
1175 915 1214 956 ex
1228 916 1291 980 qua
1302 893 1474 972 Adrastus,·

413 999 487 1064 vide
506 1001 587 1064 iufra
604 1003 637 1062 iu
657 1000 770 1063 Talao.
794 999 883 1064 Alius
902 1016 949 1062 est
966 1000 1085 1088 Iphitus
1103 998 1231 1086 Euryti,
1246 997 1406 1062 OEcbalioe
1425 1021 1473 1062 re·

414 1109 478 1196 gis,
497 1105 597 1186 filius,
617 1107 714 1168 lrnter
728 1105 827 1185 loles,
844 1104 931 1191 apud
949 1103 1095 1192 Apollod.
1114 1103 1168 1168 lib.
1185 1105 1236 1185 ll,
1262 1127 1329 1191 cop.
1345 1105 1387 1186 6,
1407 1115 1422 1181 ς
1441 1129 1473 1181 t,

413 1233 510 1298 quem
528 1210 748 1300 Argonauticis
760 1211 855 1272 etiam
868 1207 1060 1272 adnumerat
1069 1210 1217 1298 Hyginus
1225 1225 1259 1272 et
1270 1209 1474 1296 Apollonius,

414 1319 470 1382 lib.
488 1319 519 1396 l,
537 1318 593 1396 863
616 1316 688 1380 vide
711 1317 743 1378 in
768 1313 868 1399 Clytio
891 1331 923 1378 et
945 1315 1083 1396 Euryto,
1107 1315 1163 1378 ubi
1181 1315 1325 1402 pluribus
1351 1314 1394 1378 de
1416 1315 1473 1378 illis

413 1424 549 1512 egimus.
578 1425 674 1486 Hunc
697 1421 832 1508 ΙρΙιίιιιηι
857 1421 897 1484 ab
925 1418 1063 1484 Hercule
1088 1443 1106 1482 e
1131 1436 1219 1484 turre
1245 1421 1473 1508 precipitatum

415 1547 521 1592 narrat
545 1527 708 1592 Diodorus
732 1526 878 1606 Siculus,
903 1525 1030 1604 lib.1V‚
1056 1547 1127 1613 pag.
1144 1525 1222 1602 1653
1248 1546 1346 1612 quem
1369 1539 1471 1588 tamen

412 1635 565 1724 effugisse
589 1633 621 1694 in
641 1629 795 1694 Euboenm
818 1630 1009 1694 Scholiastes
1033 1629 1201 1716 Sophoclis
1220 1627 1261 1692 ad
1280 1629 1395 1693 Trach.
1412 1629 1473 1695 355

412 1739 560 1804 affirmat.
577 1741 698 1802 Arcum
712 1735 823 1824 Iphiti,
843 1757 941 1822 quem
962 1735 1116 1799 Hercules
1128 1735 1188 1822 ipsi
1206 1734 1349 1816 abstulit,
1362 1752 1395 1799 et
1409 1759 1473 1823 quo

413 1859 523 1933 postea
541 1845 573 1906 in
593 1842 704 1905 furore
719 1840 839 1904 abusus
859 1857 923 1920 est,
949 1841 1087 1903 celebrat
1100 1844 1269 1904 Anacreon
1282 1862 1378 1903 versu
1395 1846 1472 1919 4²¹i

414 1947 471 2010 ubi
486 1947 559 2010 vide
572 1946 770 2009 Bnrnesium.

456 2196 599 2276 lPIlYS,
611 2197 661 2258 vel
673 2196 781 2283 potius
796 2193 895 2282 Iphis,
913 2195 973 2258 soli
984 2195 1112 2260 Valerio
1124 2197 1258 2277 Flacco,
1276 2197 1331 2260 lib.
1346 2199 1377 2276 l,
1400 2199 1474 2276 441,

415 2317 630 2381 memoratus,
644 2300 702 2364 ubi
725 2299 902 2364 admodum
922 2301 1046 2364 laborat
1065 2301 1143 2366 Pius
1161 2319 1193 2366 et
1215 2303 1285 2382 alii,
1306 2303 1381 2389 quia
1398 2305 1475 2366 olim

417 2406 535 2495 Iphitus
560 2405 604 2470 ibi
627 2405 792 2495 legebatur
809 2429 869 2494 pro
889 2404 962 2494 Iphi·
983 2408 1062 2486 tuis,
1086 2425 1145 2470 etc.
1168 2407 1231 2472 Alii
1251 2407 1473 2482 contendunt,

414 2511 568 2576 eumdem
582 2533 668 2590 esse,
692 2511 748 2597 qui
768 2511 902 2598 Ttplzrs;
920 2533 1001 2598 quos
1022 2529 1109 2576 recte
1129 2513 1242 2576 refellit
1259 2512 1353 2594 Pius3
1370 2529 1401 2576 et
1416 2515 1475 2576 ab·

413 2615 512 2682 surde
527 2617 673 2695 Flaccus,
694 2638 797 2703 quum
815 2614 937 2703 Tiphys
955 2615 1152 2703 gubernator
1167 2616 1285 2698 luerit,
1311 2617 1397 2682 etad
1411 2620 1476 2682 cla-

412 2745 489 2787 vum
508 2721 643 2803 sederit,
663 2719 833 2801 scriberet,
852 2721 919 2800 ejus
946 2737 1048 2785 morte
1071 2745 1196 2786 remum
1221 2743 1367 2787 cessasse.
1391 2723 1477 2786 Prae·

412 2846 498 2893 terea
515 2826 638 2916 Tiphys
656 2842 805 2890 mortuus
825 2843 873 2889 est
891 2827 924 2889 in
943 2825 1178 2914 Maryandinis,
1207 2845 1244 2892 ut
1259 2831 1325 2916 ipse
1337 2829 1406 2891 Val.
1425 2829 1476 2894 Fl.

413 2935 468 3000 lib.
484 2935 528 2996 lv
544 2948 712 3012 memorat,
729 2932 829 3020 lphys
845 2953 922 2995 vero
938 2929 1071 2994 demum
1088 2933 1120 2994 in
1139 2933 1306 3015 Colchide,
1326 2933 1381 2996 lib.
1396 2933 1460 2997 Vll
1469 2985 1478 3015 ,

414 3039 496 3120 4233
516 3039 574 3102 ubi
591 3036 664 3100 vide
683 3037 732 3100 Pii
750 3053 781 3099 et
798 3035 926 3100 Maserii
941 3052 1050 3118 notas,
1062 3053 1095 3101 et
1109 3037 1150 3101 ad
1166 3038 1220 3102 lib.
1231 3039 1290 3119 Vl,
1304 3037 1386 3116 638,
1404 3062 1478 3127 quae

414 3145 613 3225 notavimus,
638 3159 670 3206 et
687 3143 820 3207 Balbum
837 3143 878 3206 ad
897 3143 952 3206 lib.
965 3146 999 3225 l,
1015 3168 1208 3233 7213quare
1226 3169 1265 3209 ex
1279 3148 1346 3234 ipsa
1359 3146 1476 3209 Valerii

378 3253 399 3294 ‘³
412 3251 573 3316 sententia
586 3248 705 3313 diversi
720 3266 810 3313 sunt.
827 3250 982 3313 Alectoris
999 3251 1098 3315 luisse
1114 3249 1232 3331 filium,
1247 3273 1284 3314 ex
1300 3252 1477 3328 Pausania,

415 3359 541 3448 lphyu,
566 3358 624 3446 qui
641 3357 795 3421 Sthenelo
813 3358 951 3446 Capanei
967 3360 1072 3422 fratris
1094 3359 1143 3422 sui
1165 3359 1229 3422 filio
1246 3383 1382 3448 regnum
1400 3361 1477 3422 reli-

414 3466 494 3553 quit,
513 3478 604 3527 notet
619 3463 776 3528 Maserius
792 3461 832 3526 ad
847 3463 902 3526 lib.
918 3465 951 3544 1,
963 3466 1038 3546 4413
1053 3463 1127 3527 licet
1141 3464 1239 3527 alium
1255 3465 1354 3527 fuisse
1369 3463 1478 3543 addat,

413 3594 447 3634 sc
466 3586 596 3660 putare,
620 3568 693 3632 vide
708 3569 792 3630 infra
807 3568 839 3631 iu
856 3569 950 3631 Ledo.

458 3789 648 3868 leTION,
670 3809 708 3852 ex
732 3787 814 3850 urbe
842 3784 1017 3864 Cerintho,
1041 3785 1100 3848 soli
1126 3785 1256 3874 Hygino
1279 3802 1397 3867 notus;
1419 3787 1478 3851 secl

413 3921 517 3987 quum
535 3896 625 3960 locus
647 3894 698 3957 ille
716 3894 831 3981 procul
848 3891 949 3955 dubio
968 3892 1010 3954 sit
1023 3906 1213 3980 corruptus,
1235 3915 1343 3979 neque
1362 3893 1396 3956 id
1416 3917 1479 3956 no-

415 4027 488 4068 men
504 4001 638 4067 obvium
654 4000 688 4061 in
712 4000 828 4062 saeculo
848 3999 903 4061 illo
926 3997 1088 4076 fabuloso,
1111 3997 1290 4060 verisimilis
1306 3997 1479 4062 lHunckeri

298 4145 302 4156 ‚
413 4109 614 4189 conjecturs,
635 4105 690 4168 illo
713 4103 785 4166 loco
810 4101 965 4167 Cantlutm
993 4102 1090 4166 fuisse
1116 4119 1347 4182 memoratum,
1363 4103 1420 4190 qui
1438 4103 1481 4166 acl

414 4215 511 4279 finem
524 4209 636 4299 capitis
653 4209 802 4274 Ceriontis
815 4207 898 4272 filius
913 4206 1041 4272 dicitur.
1057 4205 1226 4293 Quidquid
1239 4207 1289 4287 sit,
1302 4207 1384 4271 nihil
1401 4207 1481 4272 deli·
