3102 5128
393 534 518 600 NOVI
551 538 797 612 EDITORIS
826 549 981 618 NOTAE.
1176 561 1216 625 85

303 649 343 694 lla
352 647 391 694 bel
407 663 474 696 sorra
488 651 545 710 ogni
561 651 636 715 fregio
646 655 663 700 il
674 656 737 704 ciutc
747 670 846 717 moena,
887 650 894 658 ⁶

301 723 350 769 Che
358 737 451 784 ueppur
461 724 524 770 uude
532 726 562 772 bu
571 725 596 772 dl
605 726 687 775 lr‘rcirr
697 742 806 780 costume.

303 795 347 842 Dii
358 812 455 859 corpor
466 799 503 844 cbi
513 814 560 845 uon
571 799 670 859 l’abbe;
682 820 695 851 e
706 808 799 867 maudo
810 809 827 855 il
840 810 901 866 ime,

301 872 401 932 Tempre
412 873 520 929 miscbib,
531 875 566 921 cb'
576 877 647 924 altrnl
657 894 745 928 mescer
757 899 804 929 uou
815 885 881 946 lece.¹

301 945 384 991 'l'cueri
395 946 490 1010 sdegni,
502 965 515 997 e
525 949 618 1011 placide
629 968 643 998 e
653 955 777 1016 tranquille

302 1019 417 1080 Repulse,
432 1022 504 1069 eoari
514 1024 591 1079 venai,
607 1026 685 1075 eliete
695 1029 758 1090 paci,

300 1093 399 1149 saniei,
409 1098 535 1156 parolette‚
547 1113 560 1144 e
572 1099 634 1147 dolui
648 1100 710 1149 stille

301 1165 331 1210 Di
342 1167 438 1228 planto,
449 1185 462 1216 e
473 1171 548 1233 sospir
556 1174 658 1229 troucbi,
670 1177 758 1224 emolli
767 1179 818 1226 buci
828 1197 835 1226 :

299 1239 359 1286 Fuse
369 1241 403 1287 tsi
413 1257 466 1290 cose
476 1253 546 1300 tutte;
563 1261 577 1292 e
587 1247 666 1308 poscit
679 1251 768 1304 anille,

299 1313 336 1358 tta
345 1315 369 1360 sl
379 1314 433 1363 loco
445 1320 535 1380 temprb
547 1319 572 1367 di
582 1320 644 1368 lente
654 1323 713 1378 lach

298 1388 318 1432 E
331 1403 361 1435 ue
377 1388 454 1436 formo
468 1393 524 1454 quel
538 1395 557 1441 si
569 1396 660 1442 mirabil
671 1397 735 1444 ciuto

300 1462 331 1507 Di
343 1463 380 1508 eb'
395 1465 440 1512 ella
449 1481 519 1514 avere
529 1467 546 1514 ll
556 1469 595 1516 bel
606 1471 680 1518 tluuco
691 1472 802 1520 succinta.

164 1594 291 1668 Uterque,
310 1599 420 1658 Latinus
436 1624 532 1678 nempe
551 1621 578 1662 et
599 1611 705 1664 Italicus
723 1623 818 1682 poeta,
831 1613 908 1669 hunc.
915 1629 1036 1670 ornatum
1050 1634 1213 1693 apoeturum

163 1679 278 1752 principe
289 1696 440 1751 mutuatus,
452 1691 587 1762 proprium
599 1694 693 1747 labulae
709 1714 761 1748 sure
772 1696 806 1750 ad
819 1715 895 1750 usum
903 1699 1034 1768 reduxit,
1049 1715 1073 1756 et
1087 1706 1161 1776 quasi
1179 1705 1211 1758 ad

163 1771 286 1816 staturam
297 1783 351 1820 sne
361 1769 473 1842 quisque
483 1772 598 1827 heroine
607 1777 712 1847 aptavit.

194 1857 321 1922 Quamvis
333 1881 347 1916 a
359 1867 493 1936 proposito
499 1873 554 1942 J'am
566 1871 668 1942 lougius
682 1872 897 1946 digressi,pauca
909 1888 995 1932 tumen
1006 1880 1040 1933 de
1051 1882 1144 1935 Italico
1158 1883 1214 1935 imi·

163 1951 260 2008 tutore,
278 1947 347 2000 bona
367 1949 471 2003 lectoris
489 1953 581 2016 venia,
600 1955 712 2009 libenter
733 1957 867 2012 addemus.
885 1961 963 2015 lluuc
984 1963 1065 2034 igitur
1086 1966 1212 2036 Torquati

162 2023 245 2078 locum
264 2031 387 2083 nonnulli
399 2033 628 2106 vituperaverunt,
642 2040 707 2093 vitio
715 2053 847 2096 ,vertentes
864 2045 964 2098 auctori
977 2048 1049 2118 quod
1062 2068 1143 2103 vanus
1155 2071 1210 2124 spe.

163 2109 227 2174 cies,
237 2129 378 2183 corporum
392 2115 474 2170 instar
486 2117 664 2186 adhibuisset,
675 2124 717 2175 vel
727 2127 777 2192 (ut
789 2125 845 2196 ipsa
856 2126 986 2198 Torquati
995 2131 1072 2181 verba
1086 2130 1113 2182 iu
1124 2132 1212 2204 ipsum

162 2199 345 2262 retorqueam)
358 2197 429 2268 qnod
443 2201 565 2270 discerpe
577 2223 594 2252 a
607 2207 648 2255 citi
659 2225 709 2258 uon
722 2211 833 2268 I'edbe,e
846 2223 935 2278 tempre
944 2213 1042 2264 urisciib
1060 2217 1105 2266 circ
1121 2235 1214 2268 messer

163 2293 209 2324 uon
221 2280 271 2328 lece
280 2296 290 2327 :
299 2278 330 2331 iis
340 2298 435 2354 nempe
446 2282 600 2354 displicebat
615 2286 660 2340 illa
674 2307 763 2342 rernm
782 2291 866 2344 forma
876 2293 1021 2346 carentium
1035 2295 1139 2360 iusura;
1153 2317 1211 2368 quoe

163 2366 246 2410 tamen
258 2361 383 2430 gravibus
397 2365 520 2437 exemplis
531 2379 615 2438 potest
627 2367 741 2426 delendi.
756 2371 847 2444 Neque
862 2375 971 2428 miretur
987 2376 1069 2430 lector
1085 2379 1155 2449 quod
1173 2381 1213 2432 illi

162 2439 219 2490 loco
230 2442 276 2504 ,iu
287 2460 342 2513 quo
354 2449 513 2500 romanticum
531 2449 635 2503 dicendi
652 2471 734 2524 genus
751 2453 971 2526 deprehenditur,
985 2477 1033 2512 nos
1045 2460 1212 2514 classicorum

162 2521 313 2592 salptorrm
326 2525 436 2582 editores
448 2566 456 2592 ,
466 2549 497 2584 ac
507 2531 619 2604 proinde
636 2538 739 2587 classico
753 2536 858 2590 dicendi
870 2541 956 2610 generi
969 2553 1097 2612 tunquam
1111 2546 1212 2616 proles·

162 2602 233 2656 sione
251 2625 282 2659 ac
298 2621 359 2662 voto
370 2610 486 2680 addicti,
503 2616 663 2686 patrocinari
680 2637 735 2672 uon
752 2618 918 2674 dubitemus:
932 2626 1102 2692 musenim,
1119 2628 1213 2683 oniissa

162 2684 212 2754 ipsu
222 2687 281 2753 lite,
294 2693 414 2764 exempla
425 2707 528 2748 tentum
537 2699 694 2766 afferemus,
704 2720 762 2773 que
771 2703 873 2756 valeant
883 2704 917 2756 ad
928 2707 1103 2776 coguitionem
1113 2728 1211 2775 cause,

161 2769 256 2824 neutris
269 2773 385 2842 partibus
397 2775 446 2848 ipsi
459 2779 563 2848 publice
577 2781 699 2835 faventes.
713 2784 812 2836 Confer
823 2785 902 2856 igitur
915 2787 986 2841 huuc
998 2789 1089 2844 Ovidii
1104 2793 1190 2847 locum
1203 2835 1210 2862 ,

161 2865 238 2917 quem
249 2852 336 2907 forsan
349 2857 385 2909 ob
397 2859 489 2912 oculos
500 2861 593 2915 babuit
601 2863 766 2936 Torquatus;
776 2867 873 2920 Metam
887 2869 937 2936 lV,
950 2876 1017 2940 499:

293 2981 407 3028 Attulerat
416 2996 495 3030 secum
504 2983 587 3046 liquidi
597 3001 691 3047 quoqne
701 2995 803 3033 mustra
811 2990 904 3044 veneni,

294 3055 345 3102 Oris
355 3056 465 3103 Cerberei
474 3073 580 3119 munes,
588 3068 612 3105 et
620 3059 683 3106 virus
692 3059 814 3115 Echidne,

295 3131 436 3193 Errcresqne
447 3147 531 3193 rugos,
543 3147 654 3195 oecuque
664 3134 749 3182 oblivia
760 3136 856 3191 mentis,

297 3207 325 3252 tt
334 3206 420 3261 seclus,
432 3216 456 3252 et
464 3208 591 3265 lucryms,
602 3208 745 3270 rabiemque,
758 3220 782 3256 et
791 3210 859 3258 cudis
870 3226 987 3268 umorem,

294 3281 376 3326 Omnia
389 3280 444 3328 trite
453 3280 534 3335 simul,
543 3297 595 3342 quaa
606 3283 717 3343 sauguine
726 3283 793 3330 mista
803 3287 892 3332 receuti

296 3354 395 3400 coxerat
405 3371 450 3402 ere
460 3371 531 3410 cavo,
545 3355 615 3402 viridi
625 3367 713 3405 versata
725 3359 807 3406 deun.

161 3486 228 3540 ltine
238 3493 320 3542 munia
329 3493 387 3558 fite
397 3494 480 3554 simul,
492 3491 564 3545 illinc
570 3493 632 3562 fine
644 3496 681 3546 tui
689 3513 745 3546 cose
756 3507 827 3555 tutte,
840 3507 901 3547 suut
913 3514 1019 3566 prorsus
1036 3497 1135 3551 similia.
1147 3499 1209 3552 Ovi·

160 3568 204 3624 dio
214 3570 311 3626 accedit
321 3572 445 3643 Virgilius
458 3575 612 3628 auctoritate
621 3576 750 3647 graviori3
761 3579 821 3630 AEu.
831 3577 898 3630 vl11
908 3617 915 3644 ,
928 3585 978 3644 tuq
989 3595 996 3628 :

293 3708 349 3753 'l'res
359 3706 440 3754 imbris
451 3708 506 3754 torti
516 3708 607 3764 radius,
619 3717 666 3754 tres
676 3709 745 3754 uubis
755 3724 847 3770 aquoso

293 3780 448 3836 Addiderunt,
463 3782 527 3829 rutili
539 3793 585 3829 tres
596 3782 658 3844 lquis
669 3791 693 3829 et
703 3781 763 3829 ulltis
773 3782 853 3829 ausui.

292 3856 403 3916 fulgores
414 3873 476 3903 nunc
487 3857 614 3913 terrificos,
628 3857 789 3918 sonitumque,
800 3866 945 3918 metumque,

291 3929 421 3978 blbcebuut
434 3931 514 3993 operi,
528 3933 674 3995 flammisque
685 3931 821 3993 sequacibus
833 3931 887 3978 iras.
986 3979 987 3982 ,
1060 3947 1067 3954 ·

163 4064 285 4119 Audacior
293 4068 436 4140 Virgilium,
450 4088 492 4124 res
503 4069 647 4124 admodum
659 4070 798 4126 dissimiles
807 4091 858 4125 una
874 4073 1042 4134 commiscet,
1052 4070 1114 4122 alias
1129 4071 1208 4124 seusi-

163 4147 207 4200 bus
223 4149 369 4222 subjectas,
389 4151 481 4224 quales
491 4156 569 4205 uultis
585 4158 683 4217 radios,
691 4157 828 4224 flammas,
848 4167 897 4209 etc.
917 4155 979 4208 alias
998 4171 1059 4206 vero
1078 4153 1167 4208 inanes
1184 4165 1209 4207 et

162 4229 332 4304 incorporeus,
343 4235 434 4306 quales
443 4251 531 4289 metum
540 4251 567 4290 et
577 4240 634 4288 iras.
