3150 5126
352 495 415 566 330
737 499 1021 564 GATALOGUS

350 639 469 706 regno,
482 615 599 682 deinde
610 618 727 694 iterum
737 618 817 684 illud
829 641 1051 708 recuperasse,
1062 619 1165 701 ejecto
1174 622 1291 686 iterum
1302 621 1412 702 Peleo,

352 745 392 788 ex
408 721 579 812 Euripide,
595 723 713 788 Troad.
741 727 842 806 1116,
861 742 966 814 patet,
996 728 1052 814 qui
1071 725 1145 790 ideo
1160 727 1411 814 Neoptolemum

353 828 419 893 sire
442 828 619 916 Pyrrhum,
644 829 776 894 Achillis
795 829 914 914 lilium,
933 853 1119 920 properasse
1137 830 1280 896 reditum
1298 855 1412 896 sersus

354 932 506 998 Phthiam
531 935 648 1016 refert,
673 937 750 1023 quia
765 933 930 1000 audiverat
952 941 1106 1002 Acastum
1127 937 1286 1025 pepulisse
1309 959 1413 1024 regno

353 1059 450 1106 strum
470 1038 579 1119 Pelea3
604 1061 675 1126 qum
693 1061 759 1102 non
784 1039 868 1128 cepit
887 1063 1030 1128 nuperus
1047 1039 1154 1106 editor
1172 1041 1361 1120 Bsmesius,
1380 1057 1415 1104 et

353 1144 512 1212 contraria
525 1141 702 1230 Euripiden
717 1145 785 1209 aliis
797 1145 923 1210 tradere
935 1145 1081 1210 credidit.
1098 1147 1159 1210 llic
1170 1147 1266 1210 etiam
1280 1148 1415 1210 Acme

356 1249 456 1338 patris
469 1251 562 1314 Pelio
575 1251 608 1314 in
622 1251 780 1315 honorem
792 1251 933 1318 instituit
943 1252 1037 1317 ludos
1051 1253 1202 1317 funebres
1212 1269 1244 1317 et
1255 1275 1414 1343 agonem,

357 1377 441 1442 quos
465 1377 548 1444 saepe
568 1378 587 1419 s
611 1355 789 1443 pictoribus
814 1374 847 1421 et
863 1357 1037 1422 artificibus
1063 1379 1229 1446 expressos
1254 1374 1417 1422 memorat

356 1459 493 1526 Pausan.
510 1477 548 1524 ut
564 1459 620 1527 lib.
636 1462 701 1542 lll,
721 1459 778 1545 183
790 1465 829 1545 V,
845 1485 903 1550 ¹73
920 1464 984 1545 Vl,
1002 1484 1064 1546 ²⁰3
1088 1463 1148 1528 hos
1166 1463 1300 1552 Argivos
1323 1479 1417 1528 vocat

356 1565 473 1654 Hygia.
491 1565 556 1630 fah.
574 1564 656 1652 273,
678 1567 713 1630 in
738 1567 859 1655 iisque,
876 1569 932 1656 qui
946 1568 1109 1652 vicerunt,
1126 1584 1295 1633 enumerat
1313 1567 1416 1656 pluri·

357 1691 427 1734 mos
436 1671 653 1760 Argonautas,
669 1671 743 1736 vide
756 1672 790 1736 in
807 1671 909 1736 Calai.
937 1673 1040 1761 Ipsius
1063 1674 1158 1737 etiarn
1174 1675 1288 1737 Acasti
1301 1673 1416 1762 imagi-

356 1795 443 1856 nem,
453 1791 568 1862 prreter
575 1777 776 1864 Argonautas
788 1776 939 1864 reliquos,
949 1777 1084 1840 maxima
1093 1799 1168 1842 cura
1181 1776 1284 1867 pinxit
1293 1777 1417 1856 Micon,

358 1895 391 1942 et
402 1880 471 1958 ejus
483 1902 601 1966 equos,
619 1896 701 1944 teste
713 1879 839 1962 eodem,
853 1881 909 1946 lib.
923 1881 958 1962 l,
976 1883 1025 1947 18.
1039 1883 1086 1946 De
1101 1897 1204 1946 morte
1214 1883 1323 1946 Acasti
1336 1881 1417 1944 nihil

359 1983 438 2048 certi
465 1985 569 2071 reperi
583 2007 591 2049 :
604 2007 678 2048 nam
706 1983 796 2072 quod
816 1984 976 2048 Morerius
1001 2009 1076 2049 eum
1103 2008 1120 2049 a
1146 1987 1241 2050 Peleo
1272 1985 1416 2050 occisum

360 2102 483 2169 narret,
510 2089 651 2177 citetque
667 2111 736 2154 eam
756 2091 789 2153 in
817 2112 885 2154 rem
903 2089 1125 2178 Supplementi
1151 2107 1265 2154 auctor
1283 2091 1418 2179 Apollo·

358 2190 431 2257 dori
446 2195 565 2258 librum
580 2195 645 2272 lll,
664 2195 709 2259 ibi
726 2195 808 2260 nihil
824 2196 864 2260 de
886 2196 954 2276 ejus
972 2211 1076 2260 morte
1092 2195 1218 2284 legitur.

405 2434 558 2498 ACTOll.
578 2437 648 2500 Hoc
658 2437 790 2500 nomine
805 2437 933 2524 plurimi
950 2438 981 2500 in
998 2435 1143 2525 mythico
1161 2436 1279 2499 saeculo
1293 2435 1417 2498 Heroes

361 2540 645 2628 ntemorantur(1),
661 2565 742 2628 quos
754 2543 807 2607 hic
818 2565 1006 2606 enumerare
1018 2541 1098 2605 nihil
1109 2541 1223 2604 attinet
1236 2562 1244 2604 ε
1260 2539 1418 2628 quosdam

361 2645 521 2708 recensuit
537 2645 684 2709 Barthius
701 2646 742 2710 ad
756 2646 846 2710 Statii
865 2646 968 2710 Theb.
985 2646 1145 2726 lib.VllI,
1166 2645 1242 2727 1523
1259 2661 1292 2708 et
1309 2645 1418 2708 Meae-

361 2749 465 2812 riacus
481 2749 522 2812 ad
539 2751 674 2839 Epistol.
692 2750 799 2814 Ovidii
814 2751 970 2839 primam,
986 2776 1017 2840 p.
1034 2751 1086 2816 38.
1104 2751 1164 2814 llic
1179 2773 1277 2830 vero,
1300 2749 1358 2836 qui
1374 2749 1416 2812 ab

362 2854 491 2943 Hygino
513 2872 552 2920 et
579 2857 754 2945 Apollonio
785 2856 1015 2920 adnumeratur
1041 2855 1251 2944 Argonautis,
1281 2853 1323 2917 ab
1351 2854 1420 2917 aliis

362 2960 519 3042 omissus,
545 2959 662 3024 dicitur
679 2960 777 3025 fuisse
804 2961 936 3048 Hiopasi
962 2959 1063 3042 filius,
1084 2975 1117 3024 et
1138 2957 1419 3047 Peloponnesius:

364 3061 431 3130 duo
444 3087 524 3128 ,vero
533 3065 667 3154 prasi
677 3049 896 3130 memorantur
908 3065 948 3129 ab
961 3063 1095 3146 Ovidio;
1112 3085 1198 3128 unus
1214 3063 1301 3126 inter
1316 3063 1420 3125 socios

365 3168 516 3257 Meleagri
532 3170 564 3232 111
582 3171 753 3235 venatione
771 3171 840 3259 apri
859 3169 1046 3258 Calydonii,
1062 3168 1140 3234 Met.
1156 3167 1212 3232 lib.
1220 3167 1320 3248 v111,
1340 3165 1420 3244 313,

366 3274 422 3360 qui
439 3273 479 3338 ab
498 3275 643 3363 Hygino,
667 3277 731 3340 fab.
759 3274 836 3362 173,
853 3275 972 3340 dicitur
992 3275 1106 3363 Euryti
1122 3272 1205 3336 filius
1221 3297 1229 3354 ς
1243 3273 1323 3337 alter
1339 3272 1420 3335 inter

369 3381 565 3460 Centauros,
584 3380 713 3446 Metam.
740 3381 794 3445 lib.
811 3381 891 3462 llll,
916 3379 995 3460 3523
1013 3380 1046 3443 in
1067 3401 1130 3468 qua
1151 3399 1259 3466 pugna
1282 3379 1422 3440 Centau·

366 3507 476 3548 rorum
495 3502 528 3549 et
543 3486 748 3574 Lapitharum
763 3486 859 3550 etiam
877 3501 1076 3549 memoratur
1093 3485 1255 3572 Eurytus,
1272 3481 1420 3545 omnium

367 3589 603 3652 Centaurorum
620 3590 823 3672 sevissimus,
841 3590 881 3652 ab
898 3587 1012 3652 eodem
1028 3589 1144 3668 Poeta,
1165 3611 1195 3651 s.
1214 3608 1286 3650 aro.
1311 3585 1422 3650 Potuit

366 3715 444 3780 ergo
462 3710 599 3781 uterque
622 3695 674 3758 ille
693 3694 847 3782 Hippasus
867 3715 953 3757 unus
971 3709 1004 3756 et
1019 3692 1105 3756 idem
1124 3692 1242 3772 fuisse,
1266 3691 1323 3779 qui
1345 3681 1418 3754 cum

366 3815 456 3886 patre
463 3800 558 3863 simul
567 3817 678 3864 contra
687 3800 834 3887 Lapithas
844 3799 1042 3888 pugnaverit,
1050 3815 1082 3862 et
1090 3799 1178 3862 solus
1187 3813 1298 3860 contra
1306 3817 1419 3884 aprum

368 3903 465 3968 abiit:
486 3920 622 3993 utraque
640 3905 727 3969 enim
741 3905 791 3967 illa
813 3903 973 3994 expeditio
986 3904 1104 3983 juvene
1120 3903 1256 3968 Nestore
1272 3901 1418 3987 contigit.

370 4007 430 4072 Sed
456 4031 559 4095 quum
583 4009 662 4072 nihil
684 4008 737 4072 hic
761 4011 840 4072 certi
857 4007 1000 4089 videam,
1024 4008 1103 4071 nihil
1125 4030 1258 4096 quoque
1282 4005 1421 4070 1111111110.

406 4255 443 4318 (1)
461 4253 537 4305 Cous.
551 4257 658 4316 Verheyl
673 4252 706 4305 ad
718 4255 812 4306 Anton.
822 4253 933 4307 Liberal-
942 4271 970 4324 p.
983 4254 1040 4308 256.
1055 4251 1142 4306 llsst.
