3188 5130
379 602 420 685 76
503 603 550 665 IN
581 603 668 667 LlB.
691 604 889 668 SEXTUM
919 604 1304 670 ARGONAUTICON

377 709 502 781 abruptus
517 731 619 774 sermo;
633 715 745 768 subaudi
763 719 928 768 occidam-
941 721 1053 769 Comitem
1070 737 1108 769 me
1125 719 1219 769 reddite
1231 720 1318 786 fravi-
1340 719 1439 772 Confer

379 791 449 864 Virg.
463 797 521 884 AEp.
534 795 574 858 X,
591 799 661 848 600:
679 812 704 848 et
710 799 816 866 fratrem
835 819 867 850 ne
888 805 972 852 desere
981 802 1074 867 frater.

412 927 445 976 V.
462 946 519 980 2²1.
526 963 848 984 ....................
854 933 923 982 cadit
934 936 1095 1003 impigerrime

516 1014 622 1079 inguine
635 1015 771 1081 transfosso
784 1017 847 1066 clari
861 1017 987 1067 Taulantis
1000 1019 1114 1066 αἰιιηιηω

516 1098 626 1148 &mattea
633 1098 750 1163 genitrice
761 1102 855 1166 Tages,
866 1101 906 1150 eui
912 1101 1019 1166 piisssima
1028 1101 1093 1150 silvis

517 1181 646 1244 Pervigilcst
655 1193 767 1230 materna
780 1199 856 1240 soror,
873 1185 999 1249 cultusque
1012 1185 1118 1234 lubomt.

378 1295 467 1360 nQuis
479 1295 523 1348 hic
532 1297 617 1368 Tages
634 1296 679 1362 sit,
697 1297 791 1349 lubens
809 1297 893 1350 latens
911 1316 953 1350 me
973 1298 1103 1368 igneum.
1118 1300 1208 1370 Tagen
1228 1301 1305 1366 novi,
1323 1301 1439 1355 Eam

375 1377 519 1450 discipline
527 1396 673 1445 auctorem,
682 1397 713 1432 ex
726 1380 853 1434 Cicerone
863 1379 897 1434 de
908 1381 1059 1444 Divinitste,
1068 1381 1107 1445 11,
1119 1383 1159 1435 23.
1170 1381 1341 1454 Tyrrhenum
1351 1395 1438 1440 ratem

377 1461 544 1528 Columellse,
557 1463 597 1528 li,
615 1465 681 1528 345,
698 1463 745 1516 ubi
760 1463 814 1517 vid.
832 1462 983 1519 Schneider.
998 1465 1026 1518 in
1039 1463 1131 1520 Indice
1149 1465 1184 1518 ad
1201 1465 1293 1538 script.
1308 1468 1355 1520 Rei
1370 1481 1436 1524 rust.

377 1546 403 1596 h.
419 1565 445 1598 v.
460 1545 512 1600 Sed
525 1546 590 1618 quid
604 1548 745 1620 Tyrrheno
762 1567 822 1601 cum
841 1547 961 1621 Scythis?
972 1547 1050 1602 Plura
1064 1549 1172 1604 omnino
1186 1549 1284 1604 dueum
1300 1551 1437 1624 scythico-

376 1649 436 1684 rum
452 1631 502 1685 hoc
522 1633 548 1684 in
562 1633 654 1704 prelio
673 1631 862 1687 decertantium
882 1633 989 1686 nomina
1007 1632 1256 1698 effinxitValcrius,
1271 1647 1297 1688 et
1312 1636 1438 1692 notabilia

377 1714 411 1768 de
427 1715 458 1768 iis
476 1717 606 1784 narrarit,
623 1737 681 1790 quc
697 1717 740 1770 vel
758 1718 814 1790 ipse
835 1717 1006 1789 excogitavit,
1027 1717 1068 1770 vel
1088 1737 1103 1772 e
1124 1717 1240 1771 lontibus
1260 1717 1348 1771 hsusit
1366 1739 1439 1774 nunc

375 1799 527 1872 deperditis.
548 1803 602 1856 Nec
617 1801 774 1856 'l'aulantem
792 1802 870 1866 novi,
892 1819 1046 1874 quanquam
1063 1801 1214 1869 Taulantii,
1232 1801 1249 1855 i.
1269 1821 1292 1855 e.
1318 1802 1402 1876 illyrii
1422 1823 1437 1856 a

375 1885 519 1951 Taulante,
530 1886 613 1958 Illyrii
631 1885 706 1950 lilio,
723 1887 791 1940 bene
806 1886 862 1939 noti
878 1897 956 1939 sunt:
971 1903 1020 1938 uec
1039 1887 1139 1958 magis,
1154 1885 1228 1957 quod
1237 1891 1352 1956 genitrici
1363 1892 1438 1940 semi·

376 1970 431 2018 dee
443 1986 541 2020 nomen
554 1967 648 2036 luerit,
661 1967 748 2022 dicere
761 1969 854 2024 habeo.
873 2000 907 2010 -
922 1970 988 2035 Quas
1002 1981 1159 2042 sequuntur,
1169 1989 1194 2023 v.
1206 1970 1272 2024 ssi:
1285 1974 1439 2040 euiplum'ma

375 2054 441 2103 silvis
454 2053 586 2119 pervigilat
597 2067 708 2104 stamma
727 2073 804 2113 soror,
823 2057 950 2121 cultusque
969 2057 1080 2115 loborat,
1094 2073 1148 2106 non
1168 2055 1263 2108 minori
1281 2068 1440 2126 premuntur

375 2135 550 2199 obscuritate,
564 2154 645 2208 quam
657 2148 686 2188 nt
697 2148 859 2200 removeret,
871 2137 906 2189 its
919 2136 1007 2189 locum
1016 2137 1119 2190 refinxit
1131 2136 1269 2192 Heinsius:
1283 2141 1324 2189 cesi
1330 2143 1440 2207 plurimo

374 2221 426 2270 telis
432 2221 563 2288 pervigilat
575 2235 696 2272 noemma
708 2240 784 2274 soror.
799 2219 937 2292 Ingeniose
950 2219 1058 2292 quidem
1071 2219 1251 2293 (ingeniosius
1264 2218 1350 2284 adeo,
1364 2221 1440 2294 quod

376 2304 488 2356 amiciss
508 2303 636 2356 Miillerus
656 2323 704 2357 suo
725 2304 869 2375 exemplari
885 2303 1182 2375 adscripscrat,fi!is),
1206 2317 1236 2358 ut
1255 2305 1338 2358 multa
1358 2305 1442 2378 hujus

375 2400 513 2459 poetarum
525 2388 687 2460 sospitatoris
702 2388 805 2452 eximii,
817 2400 843 2442 et
855 2389 890 2442 nd
903 2388 1102 2461 intelligendum
1120 2388 1236 2453 facilius,
1251 2387 1297 2442 sed
1311 2387 1442 2444 audacius

374 2473 453 2542 justo.
466 2472 559 2524 Rarior
570 2484 608 2528 est
619 2470 727 2544 quidem
740 2473 762 2526 is
775 2473 845 2525 silve
856 2491 936 2538 usus,
949 2484 978 2526 ut
992 2471 1027 2526 de
1039 2471 1147 2544 siugulis
1159 2473 1283 2526 arborum
1298 2473 1443 2545 generibus

375 2573 519 2627 earumque
531 2557 702 2630 proventibus
714 2555 833 2620 dicatur;
846 2556 907 2610 ride
918 2555 1114 2610 Broukhusium
1125 2555 1160 2610 ad
1174 2556 1294 2628 Propert.
1307 2555 1338 2621 l,
1354 2561 1402 2620 14,
1416 2557 1443 2616 5,

376 2650 402 2692 et
420 2638 529 2693 Gesner.
541 2639 621 2694 Thes.
635 2640 662 2693 h.
676 2659 701 2693 v.
722 2639 818 2694 Similis
834 2639 900 2693 adeo
919 2640 994 2694 locus
1012 2653 1050 2693 est
1063 2640 1151 2693 Nostri
1166 2639 1253 2705 inies,
1272 2658 1297 2692 v.
1311 2643 1377 2707 699,
1391 2640 1444 2692 ubi

375 2722 497 2776 Heinsius
511 2723 603 2777 itidem
620 2729 706 2786 setam,
716 2722 762 2777 sed
781 2725 837 2777 sinc
854 2741 951 2790 causa,
969 2722 1093 2795 reposuit.
1106 2721 1191 2788 Vide,
1206 2738 1264 2794 que
1277 2723 1314 2776 ibi
1333 2722 1444 2774 notavi-

375 2826 442 2860 mus.
458 2813 584 2860 Nocusmn
598 2827 693 2880 porro,
711 2827 791 2880 quam
806 2808 906 2860 mavult
919 2807 1054 2868 Heinsius,
1074 2826 1150 2868 soror,
1167 2807 1204 2860 ita
1225 2804 1336 2868 sedula,
1359 2817 1390 2858 ut
1413 2805 1444 2858 in

376 2891 514 2944 matronali
526 2910 606 2963 opere
622 2910 723 2963 pernox
736 2892 803 2946 adeo
817 2893 866 2958 sit,
882 2889 984 2962 placet,
1000 2893 1094 2953 isteor,
1111 2902 1138 2944 et
1152 2890 1189 2943 sic
1202 2908 1270 2962 sepe
1283 2889 1399 2944 occurrit
1414 2889 1445 2942 in

375 2975 498 3028 laudibus
517 2975 693 3043 seminarum,
706 2974 753 3030 sod
769 2995 822 3029 non
841 2974 908 3028 adeo
922 2975 1065 3028 necessaria
1083 2972 1210 3037 mutatio,
1224 2985 1249 3024 et
1263 2975 1341 3024 noctis
1353 2973 1447 3026 notio·

376 3071 436 3106 nem
452 3056 562 3126 jamjam
579 3053 690 3106 involvit
708 3059 736 3110 τὸ
746 3058 887 3122 pervigilat.
903 3054 1071 3108 Burmannus
1088 3053 1116 3106 in
1130 3055 1194 3106 silvis
1214 3051 1321 3106 fortasse
1337 3070 1448 3106 nomen

258 3167 261 3174 ⁴
375 3135 483 3208 aliquod
493 3138 629 3208 proprium
642 3137 723 3191 latere
733 3138 848 3211 conjicit.
860 3139 917 3210 Ego
928 3157 991 3190 vero
1005 3149 1088 3190 totum
1099 3136 1187 3189 locum
1200 3136 1367 3188 immutatum
1378 3135 1450 3188 reli·

375 3221 493 3294 querim,
508 3221 668 3293 malimque,
681 3231 710 3274 ut
723 3222 812 3274 verbis
824 3234 885 3275 utar
895 3221 1004 3275 Dorvilii
1016 3219 1050 3274 ad
1062 3219 1248 3280 (lunisonem,
1266 3237 1292 3290 p.
1306 3223 1375 3282 luo,
1395 3217 1449 3272 ed.

375 3303 445 3375 Lips.
457 3329 470 3349 ι
480 3305 631 3358 lutricatins
644 3304 828 3376 interpretari,
838 3323 917 3378 quem
928 3303 1070 3358 emendare
1078 3303 1130 3366 its,
1142 3315 1170 3356 ut
1181 3302 1259 3356 ctiam
1270 3299 1452 3356 difficultates

375 3399 523 3441 remaneant
537 3413 557 3440 ι.
571 3389 660 3453 Quum
683 3389 762 3460 igitur
783 3389 967 3460 poetangeti
990 3401 1100 3442 matrem
1124 3386 1168 3441 det
1187 3388 1317 3438 semideam
1340 3386 1453 3459 (Nym-

374 3471 472 3541 pham)
483 3489 557 3524 soror
565 3474 621 3543 ejus
634 3482 659 3524 et
672 3472 727 3544 ipss
738 3471 797 3526 talis
812 3473 892 3526 luisse
903 3471 1037 3526 credenda
1047 3485 1085 3525 est
1096 3469 1241 3543 (Dryasi).
1251 3467 1336 3521 Possit
1348 3469 1454 3541 itaque

374 3558 451 3615 silvis,
467 3555 484 3606 i.
503 3573 529 3626 q.
544 3559 569 3607 in
581 3558 646 3608 silvis
659 3573 732 3621 esse,
751 3573 866 3628 namque
884 3556 1080 3626 prepositiones
1096 3554 1190 3608 crebro
1211 3551 1331 3604 omittere
1354 3553 1456 3622 poetis

374 3639 482 3692 solenne
491 3652 530 3692 est
538 3677 546 3704 ,
557 3641 599 3692 vel
612 3642 678 3693 sitm
691 3639 719 3693 h.
737 3641 755 3692 l.
768 3639 803 3693 dc
818 3639 925 3694 materia
941 3639 974 3693 ad
988 3637 1127 3693 texendum
1145 3637 1171 3690 in
1189 3635 1261 3689 silvis
1278 3633 1374 3697 obvia,
1388 3635 1456 3690 lino

375 3724 511 3796 inprimis,
523 3723 596 3796 quod
604 3722 716 3778 suadete
725 3723 860 3796 sequentia
871 3726 1000 3776 mamam
1013 3726 1118 3776 camora
1128 3723 1173 3772 limi
1181 3719 1322 3782 ridentur,
1338 3717 1455 3771 intelli·

373 3808 473 3881 gendus.
485 3809 568 3862 Totus
585 3809 673 3881 itaque
685 3808 736 3862 loci
757 3827 848 3861 sensus
867 3827 926 3862 meo
945 3807 1131 3880 qualicumque
1145 3802 1247 3875 judicio
1260 3801 1304 3854 hic
1322 3813 1384 3855 est:
1409 3808 1458 3854 cui

368 3896 489 3960 plurima,
509 3891 613 3962 assidue
630 3903 656 3943 et
673 3891 821 3962 diligenter,
838 3895 917 3953 silvis,
933 3891 960 3944 in
979 3891 1067 3955 silvis,
1087 3889 1129 3944 vel
1147 3888 1218 3950 lino,
1232 3885 1373 3958 bombyci,
1397 3899 1458 3940 etc.

371 3979 507 4044 pervigilat,
520 3993 618 4047 pernox
626 3993 735 4046 operam
745 3974 862 4040 dederat,
873 3991 986 4028 materna
994 3995 1073 4036 soror,
1084 3984 1237 4034 metentem,
1249 3987 1307 4042 qun
1315 3988 1460 4024 sororum

375 4061 433 4113 liliis
446 4061 523 4114 etism
545 4059 659 4111 nuncin
678 4058 775 4111 amoris
787 4058 892 4130 signum
905 4079 955 4112 acu
969 4059 1069 4111 tunicas
1087 4057 1194 4128 pingere
1207 4053 1300 4106 solent.
1316 4050 1374 4105 Sed
1391 4054 1462 4106 haec

375 4143 462 4198 omnin
477 4145 569 4216 scripsi
580 4141 756 4195 timidiusculc
766 4169 786 4195 a.
801 4143 842 4195 Sic
852 4142 1014 4214 Wagnesus.

411 4280 442 4329 l'.
457 4281 514 4331 ²²8.
524 4285 629 4345 Jnannc
640 4299 713 4330 novus
723 4281 809 4329 inedie
819 4279 953 4346 stupefacta
962 4298 1008 4344 per·
1016 4280 1117 4344 aginism
1127 4293 1218 4340 pssgnm

528 4365 601 4412 Vadis
614 4382 694 4428 eques.
