3192 5138
355 545 419 610 218
469 545 521 611 IN
548 545 635 610 Llll.
660 545 894 610 OCTAVUM
924 546 1317 614 ARGONAU'I'ICON

353 675 482 728 conspecta
494 659 523 728 (d
537 679 567 711 sa
576 659 646 727 usse),
659 657 733 713 illine
746 663 763 710 ἅ
775 679 812 712 ses
828 665 875 712 eris
888 659 1046 730 (exaudita);
1060 659 1123 714 hinc
1138 664 1236 728 pruinae
1251 663 1418 732 (Ieafia'ms).

295 767 301 776 ·
354 742 428 796 illinc
446 745 479 795 las
495 745 585 796 desem
601 743 686 811 (litora
699 741 829 814 deserta):
850 744 901 798 alla
919 744 1001 818 igitur
1018 744 1099 810 binc,
1111 745 1164 798 alia
1182 745 1253 800 illinc
1267 744 1355 818 imago
1373 759 1420 800 est.

353 827 479 879 Praeterea
480 830 564 898 flebas
575 826 685 891 Medea,
706 847 759 880 non
772 831 913 889 clessam
936 847 984 882 nec
997 831 1092 880 deserta
1110 841 1185 881 eram
1196 827 1273 882 litora
1283 829 1422 902 Hyperbo-

353 929 396 963 rea
407 927 414 961 ε
427 908 475 964 sed
486 909 559 982 quod
573 909 608 963 de
621 909 767 964 litoralibus
785 911 880 966 incolis
898 913 967 966 canit
977 912 1118 978 Valerius,
1133 910 1162 964 id
1176 910 1209 964 de
1223 911 1343 966 litoribus
1356 914 1421 986 ipsis

309 1063 317 1076 ,
352 995 455 1067 aceepit
473 994 621 1066 interpres:
637 1007 716 1067 atque
729 995 779 1059 ita,
794 993 868 1069 quod
890 995 965 1050 finxit
980 996 1144 1058 verecunde,
1159 1017 1190 1051 ac
1205 995 1317 1070 figurate
1328 997 1420 1051 extulit

352 1079 464 1132 Latinus
481 1090 569 1142 vates,
582 1077 609 1132 id
623 1079 743 1135 Gallicus
763 1079 927 1134 versificator
946 1080 981 1134 ad
1001 1077 1104 1136 literam
1122 1081 1323 1156 interpretum,
1340 1081 1419 1136 aliam

351 1161 460 1215 omnino
484 1162 577 1216 faciem
601 1164 682 1217 rebus
706 1163 955 1228 induit301anr‘eam
975 1183 1079 1219 versum
1103 1169 1239 1218 romaniae
1257 1167 1308 1234 (ut
1325 1177 1421 1218 vocant

349 1245 439 1317 Galli)
450 1247 575 1311 mutarit,
588 1247 616 1301 id
635 1259 689 1314 est,
700 1245 851 1304 abortivum
863 1249 1005 1323 quemdam
1022 1249 1120 1322 ingenii
1133 1263 1256 1323 parturn,
1271 1251 1312 1302 rel
1329 1238 1420 1302 nescio

350 1347 432 1403 quam
452 1331 567 1404 speciem
586 1349 680 1386 ranam
690 1369 698 1396 ‚
718 1344 853 1386 carentem
875 1333 973 1399 lorma,
985 1333 1047 1405 egri
1065 1333 1174 1387 somniis
1191 1333 1322 1395 similem,
1337 1347 1420 1404 quam

352 1431 426 1468 mens
443 1413 626 1487 imaginariae
641 1414 778 1489 percipere
791 1415 897 1490 nequit,
911 1417 938 1470 in
949 1417 1038 1471 locum
1048 1417 1174 1488 imaginis
1186 1435 1254 1470 veras
1267 1435 1299 1469 ae
1310 1429 1420 1469 natura·

350 1498 400 1566 lis,
409 1498 519 1572 poeticis
529 1499 663 1554 coloribus
673 1500 799 1572 depictae,
809 1500 956 1565 substituit,
966 1519 997 1556 ac
1011 1501 1106 1555 deinde
1118 1501 1228 1554 latinum
1239 1519 1343 1553 versum
1356 1499 1420 1552 lide·

348 1583 407 1638 liter
418 1603 446 1638 se
458 1587 611 1658 expressisse
620 1585 746 1660 praedicat
758 1588 764 1640 l

386 1719 421 1770 V.
433 1738 492 1776 aas.
501 1723 553 1789 Ipsi
572 1741 669 1790 quoque
690 1741 816 1774 mansura
834 1737 931 1797 ppaurn
942 1727 1000 1776 lara
1014 1725 1117 1790 Minya,
1128 1726 1185 1792 jam
1192 1723 1264 1790 serre
1274 1725 1369 1774 sauna
1384 1751 1418 1764 —

349 1829 361 1848 ι
372 1801 507 1858 Editiones
518 1805 619 1860 habent
624 1809 709 1876 panti,
719 1805 808 1877 inquit
816 1807 971 1878 Wagnerns
981 1841 989 1870 ,
1001 1817 1028 1860 et
1037 1805 1104 1860 mire
1114 1824 1142 1858 se
1150 1815 1274 1876 torquent
1285 1821 1419 1860 commen·

349 1899 445 1942 tutores
456 1927 465 1953 ,
475 1889 540 1944 nihil
552 1902 640 1944 tamen
650 1889 802 1962 proliciunt.
813 1890 906 1955 Quum
920 1909 983 1946 vero
998 1889 1172 1962 antiquissimi
1184 1889 1263 1954 libri,
1273 1889 1301 1942 in
1313 1889 1354 1944 his
1363 1889 1418 1942 Va-

347 1972 453 2028 ticanus
470 1975 587 2046 primus,
600 1994 651 2048 pro
663 1977 738 2044 pansi
750 1975 864 2028 babeant
874 1991 985 2044 poseat,
999 1993 1053 2028 nou
1068 1973 1162 2039 video,
1182 1993 1231 2028 cur
1248 1973 1416 2028 librariorum

346 2055 482 2110 oscitantia
496 2070 593 2112 motam
605 2078 659 2113 non
672 2059 806 2112 restituam
819 2043 926 2126 vocem,
940 2078 990 2131 qua
1006 2059 1122 2131 reposita
1133 2059 1177 2112 lux
1189 2059 1274 2111 oritur
1283 2058 1347 2111 loco
1359 2082 1380 2108 ι.

383 2139 604 2213 Adolpb.l)areau
614 2143 646 2194 de
659 2147 777 2204 lamalle,
785 2161 870 2215 quum
878 2143 1036 2196 Vaticanum
1049 2141 1167 2196 codicem
1178 2155 1204 2196 et
1212 2141 1418 2197 commentarios

295 2261 299 2272 .
348 2221 387 2275 Pii
400 2224 435 2277 ob
449 2221 682 2290 oculos'habern,
694 2229 835 2300 pessimam
847 2225 950 2282 Aldina
958 2225 1081 2282 editionis
1089 2227 1230 2281 lectionem
1242 2229 1334 2296 aspri...
1344 2231 1418 2294 porra

348 2307 482 2380 impavide
495 2309 610 2382 recepit,
624 2309 779 2383 addiditque
796 2311 825 2364 in
839 2328 895 2363 var.
908 2312 970 2366 leet.
986 2337 999 2357 a
1009 2311 1076 2364 Mihi
1089 2311 1168 2365 lectio
1182 2310 1244 2377 illa,
1259 2329 1339 2385 quam
1353 2311 1415 2364 Pius

348 2404 490 2459 memorat,
503 2394 616 2447 maxime
628 2394 715 2468 placet
727 2417 734 2461 ;
749 2395 811 2449 item
824 2396 976 2450 Burmanuo
986 2391 1103 2466 placuit:
1117 2412 1200 2466 quare
1212 2395 1239 2447 in
1252 2405 1353 2448 textum
1368 2391 1416 2446 ad-

345 2474 407 2528 misi
415 2501 438 2530 a.
453 2476 557 2550 Duplex
570 2498 659 2534 error:
670 2479 770 2533 nullam
782 2481 852 2534 euim
864 2478 928 2534 Pius
942 2478 1017 2534 istius
1031 2478 1149 2534 lectionis
1159 2479 1321 2532 mentionem
1333 2477 1414 2539 iacit;

345 2557 471 2632 quodque
482 2561 653 2618 burmannus
670 2560 704 2616 de
714 2563 844 2618 Vaticana
863 2563 990 2626 lectione,
1001 2581 1016 2615 a
1028 2561 1076 2616 Pio
1087 2575 1247 2628 memorata,
1261 2561 1415 2634 pronuntia·

345 2643 397 2708 rit,
409 2642 437 2698 id
451 2643 591 2719 Adclpbus
602 2652 703 2700 Dureau
713 2650 745 2699 de
755 2652 868 2700 marato
877 2647 911 2701 de
922 2646 1019 2700 Aldine
1033 2647 1100 2702 lalso
1110 2646 1246 2700 intellexit.
1263 2646 1415 2700 Periculum

343 2739 400 2794 est,
411 2727 459 2782 ubi
469 2730 528 2800 quis
537 2741 591 2784 tam
600 2730 695 2787 leviter
708 2743 828 2786 vereatur
838 2731 866 2784 in
880 2731 988 2794 critica,
998 2749 1033 2786 ue
1043 2731 1126 2785 lector
1137 2730 1236 2784 ab'uno
1246 2748 1336 2782 errore
1348 2728 1414 2780 sesti-

345 2827 437 2876 mans‚
452 2823 534 2866 totam
547 2813 691 2870 editionem
704 2827 879 2888 aspernetur:
893 2813 966 2886 quod
975 2813 1076 2868 malum
1089 2808 1162 2868 Deus
1174 2813 1291 2868 avertat!
1412 2808 1417 2820 ’

384 2960 416 3008 V.
432 2974 493 3026 ²¹7·
505 2963 591 3010 Insula
604 2962 748 3011 Samariae
763 2965 840 3011 Peuce
849 2973 900 3010 stat
910 2961 1008 3009 nomine
1020 2959 1158 3025 Nymphae,-

506 3049 595 3114 Tarqus
608 3045 650 3093 ubi
655 3081 663 3104 ,
674 3058 697 3094 es
706 3046 761 3110 ripa
769 3063 864 3110 seraper
872 3045 1012 3094 mensendas
1022 3057 1125 3109 aarum

503 3129 607 3195 Iasreea
614 3147 662 3195 per
669 3146 744 3180 saras
753 3132 815 3180 Ister
825 3129 951 3178 descendit
960 3130 1065 3178 Aleuas.

340 3255 354 3274 ι
369 3235 470 3292 Tonas.
485 3232 549 3306 quia
567 3232 677 3288 taurinis
696 3229 827 3304 capitibus
845 3244 871 3286 et
888 3232 1019 3306 cornigeri
1030 3221 1111 3284 ‘fluvii
1131 3249 1147 3283 a
1166 3230 1250 3302 poetis
1268 3228 1411 3300 linguntur.

339 3313 384 3369 stc
405 3317 578 3380 Burmannus.
592 3316 642 3368 Vir
661 3314 756 3375 doctus
776 3315 1068 3384 sutem(lortinua)in
1086 3312 1163 3366 ldiac.
1183 3313 1261 3366 Obss.
1284 3312 1336 3366 rol.
1361 3311 1412 3376 IV,

342 3419 370 3472 p.
388 3416 446 3472 192,
456 3398 509 3456 lice
519 3415 599 3454 soram
610 3403 740 3472 respicere
749 3411 822 3473 putat
839 3404 876 3452 ad
887 3405 984 3453 amatas
990 3401 1089 3468 firaces
1101 3412 1125 3448 se
1138 3401 1269 3458 tamarae,
1285 3409 1310 3449 et
1320 3393 1411 3449 eadem

342 3481 451 3556 quidem
470 3483 590 3558 ratione,
608 3503 661 3556 qna
676 3485 771 3539 fluvius
790 3484 873 3539 Indus
886 3488 957 3554 ar‘ger
974 3482 1078 3538 dicatur
1095 3481 1258 3544 Claudiano,
1281 3480 1309 3532 in
1332 3479 1411 3532 Probi
1437 3542 1440 3550 Ι

341 3581 367 3622 et
377 3569 482 3641 Olybrii
492 3571 572 3624 Cous.
587 3591 612 3623 v.
626 3588 684 3642 ¹7⁰·
698 3570 750 3625 Sed
761 3569 846 3643 queri
859 3569 959 3642 possit,
974 3585 1044 3621 anne
1059 3567 1108 3630 isto
1124 3565 1264 3620 Claudiani
1284 3565 1354 3624 Ιοοο,
1370 3564 1411 3615 uti

342 3652 413 3726 apud
425 3653 548 3708 eumdem
566 3653 666 3710 Stilich.
680 3656 703 3718 Ι,
723 3655 782 3722 156,
800 3652 884 3707 lndus
897 3670 951 3705 non
965 3649 1077 3713 fluvius,
1096 3649 1143 3702 aad
1159 3649 1412 3715 homo(1rrdiaaer)

341 3738 384 3791 sit.
400 3738 525 3791 Praeterea
537 3757 600 3792 vero
613 3737 662 3792 iata
672 3739 757 3811 ligura
770 3737 894 3794 orationis
909 3736 944 3789 cb
958 3746 1098 3808 sequentes
1109 3737 1202 3786 Alanos
1210 3731 1274 3785 huie
1288 3730 1346 3784 loco
1356 3749 1410 3782 non

338 3822 401 3876 satis
419 3821 618 3878 accommodata
636 3821 749 3876 ridetur.
768 3819 840 3888 Quid
859 3819 952 3874 enim?
969 3816 1193 3872 nonueValerius
1215 3828 1271 3868 tum
1285 3812 1410 3878 diuuet,

340 3908 439 3963 accolas
453 3907 613 3972 descendere
627 3908 655 3960 in
669 3893 740 3960 freta⁸
751 3925 798 3978 per
813 3903 934 3960 accolas?
947 3903 1053 3957 Maneat
1068 3901 1149 3973 iqimr
1161 3899 1200 3952 Pii
1219 3910 1245 3952 et
1263 3897 1409 3952 Burmanni

341 3992 486 4064 explicatio.
499 4017 512 4038 ·
524 3993 566 4047 sic
579 3992 744 4063 Wagnerua.

375 4130 408 4184 V,
424 4133 484 4184 aad.
502 4133 586 4198 Qualis
601 4129 739 4196 sanguinea
754 4127 835 4178 victor
846 4127 967 4176 Gravidae
981 4126 1013 4173 ab
1026 4123 1104 4172 Hebro

497 4213 679 4281 Idaliurrsfisrta
693 4212 770 4271 subit,
790 4223 834 4260 out
847 4211 939 4260 dilecta
953 4207 1065 4272 Cythera.

335 4341 436 4394 Eximia
460 4337 658 4412 pulchritudine
678 4348 715 4388 est
734 4335 777 4386 ille
795 4333 904 4387 omnino
923 4332 996 4383 locus
1016 4328 1064 4400 qui
1085 4327 1153 4379 intra
1174 4341 1264 4376 versus
1286 4321 1407 4385 aad-240
