3192 5138
365 565 778 646 inconsummati,
801 543 894 631 ctas
911 567 974 632 rx.
1118 590 1225 664 ‚229¹
1307 541 1310 560 '

175 699 345 764 Montibus
363 699 396 762 in
414 699 528 763 celsis:
547 699 604 763 ubi
618 715 709 764 vasta
726 701 882 764 Ceraunia
900 701 933 763 in
949 700 1042 764 astris

174 817 380 904 Erumpunt,
395 813 526 878 flamma
542 815 628 880 lovis
645 815 802 904 exagitata
816 814 1002 902 frequenti:

177 929 271 994 Unde
289 929 400 994 datum
419 945 515 994 vaste
530 931 604 1019 rupi
622 953 682 1018 per
697 932 812 995 secula
827 953 965 994 nomen.
1178 947 1204 986 ⁵⁵

219 1047 333 1129 Quum
349 1047 494 1134 primunr
511 1047 681 1137 peregrina
697 1069 790 1112 novae
805 1069 922 1112 manus
936 1047 1062 1142 appulit
1076 1069 1158 1128 οη,

174 1163 329 1227 Certatim
346 1161 446 1226 nectit
461 1163 609 1253 gaudeus
624 1163 801 1229 retinacula
818 1178 910 1226 terra

174 1279 315 1367 llylleae,
331 1301 396 1370 qua
412 1278 501 1366 pube
516 1277 671 1367 frequens
687 1280 908 1368 supereminet
923 1301 1036 1367 aequor

173 1393 300 1475 lnsula;
320 1409 354 1456 at
369 1393 496 1482 Hyllees
512 1393 718 1457 venientibus
738 1393 834 1458 obvia
848 1393 977 1458 Colchis

172 1510 270 1598 Signa
286 1510 396 1572 ferunt
411 1510 563 1600 pacisque
580 1527 692 1575 notas:
710 1510 752 1574 ab
768 1510 919 1600 Apolline
940 1507 1046 1590 dona,
1175 1530 1188 1566 ⁶

173 1625 286 1706 Quum
302 1623 387 1714 leget
402 1625 460 1688 bas
476 1647 566 1707 oras,
588 1641 686 1714 atque
704 1626 768 1689 alta
782 1625 904 1690 secabit
919 1626 1036 1706 lason,

172 1740 295 1804 Fatales
311 1737 453 1828 tripodes
470 1754 555 1803 terra
574 1761 782 1827 quacumque
800 1738 959 1822 locentur,

174 1854 226 1917 Sic
244 1852 351 1918 Clario
368 1853 511 1918 dictante
526 1853 606 1938 deo,
620 1877 789 1943 possessor
803 1854 845 1918 ab
860 1853 955 1918 hoste

174 1969 329 2032 Vincetur
346 1991 526 2057 nunquam.
544 1971 633 2053 Quin
651 1969 766 2040 Pboebi
783 1991 920 2034 munere
931 1969 1011 2034 'felix

172 2083 270 2148 Nunc
285 2085 381 2148 etiam
398 2083 523 2150 diversa
542 2085 632 2168 latet,
650 2087 835 2174 fruiturque
851 2107 965 2150 serena
1172 2098 1197 2138 ⁶⁵

172 2199 252 2263 Pace
269 2201 358 2263 ferax
373 2200 483 2290 regio,
506 2199 697 2266 mortalibus
715 2200 800 2265 invia
817 2200 954 2264 cunctis

172 2314 245 2377 Non
263 2314 396 2403 Hyllum
412 2337 521 2404 regem
537 2316 725 2398 inveniunt,
745 2337 843 2404 quem
859 2315 970 2404 AEgeis
988 2314 1111 2378 amanti

172 2428 289 2504 Alcidae
304 2431 431 2518 peperit
445 2431 555 2494 Melite
569 2430 738 2495 Phaeacida
754 2437 856 2512 terra3

171 2545 228 2608 Cui
244 2543 378 2609 vixdum
393 2545 538 2634 pubente
557 2569 639 2636 gena
655 2547 740 2610 culta
756 2547 861 2610 insula
877 2546 1006 2610 sordet:

173 2660 303 2748 Quippe
321 2661 380 2724 feri
398 2661 522 2750 regitur
538 2661 600 2726 sub
616 2677 702 2726 nutu
717 2684 826 2750 pressa
839 2661 970 2750 tyranni
1171 2687 1196 2725 το

170 2775 362 2856 Nausithoi3
380 2798 469 2840 mare
484 2776 542 2840 sed
558 2777 705 2841 Cronion
725 2777 919 2866 penetravit,
938 2798 1035 2865 agens
1054 2774 1120 2836 buc

173 2887 361 2978 indigenam
377 2891 554 2976 populum,
569 2905 601 2954 et
617 2890 758 2976 Phaeacia
774 2892 892 2955 robora
909 2908 1012 2954 terrae.

169 3003 321 3068 Succedit
336 3027 413 3068 mox
429 3006 626 3087 Nausithoo,
644 3029 743 3094 quem
761 3006 942 3096 agrestibus
957 3004 1056 3069 armis

170 3119 333 3183 Mentores
350 3120 505 3185 occidunt
521 3145 581 3209 pro
597 3122 704 3210 captis·
714 3145 801 3186 arma
815 3122 974 3186 ferentem
1095 3119 1098 3124 ’

172 3233 210 3296 Εῑ
228 3249 488 3322 propugnantem
506 3237 596 3324 regni
615 3259 673 3300 sua
691 3237 763 3317 jura
779 3236 937 3318 juvencis.
1170 3250 1194 3300 ⁷⁵

213 3349 318 3412 Dicite
336 3348 496 3431 Pierides,
512 3373 652 3437 quanam
671 3353 796 3417 ratione
816 3375 981 3441 perorem

173 3464 368 3544 Ausoniam,
385 3480 570 3553 terramque
587 3465 772 3556 Ligustide,
795 3465 980 3532 Stoechades
996 3483 1029 3530 et
1043 3489 1114 3553 quta

171 3579 346 3660 Dicuntur,
362 3579 453 3669 signa
470 3582 627 3670 Argolicae
645 3582 711 3646 sint
726 3598 812 3646 certa
830 3583 957 3646 carinae.

171 3693 253 3757 Utile
269 3693 362 3781 quod
379 3693 471 3759 duxit
486 3696 633 3784 Minyas,
648 3695 729 3784 quid
744 3694 833 3759 abire
853 3697 959 3784 coegit

169 3807 248 3871 Tam
265 3808 363 3898 longe
378 3809 412 3872 in
429 3809 536 3873 Latios
555 3809 654 3887 lines,
680 3827 846 3898 terrasque
862 3811 1028 3898 repostas?
1098 3804 1103 3817 ’
1167 3827 1192 3863 ⁸0

172 3923 220 3987 An
237 3922 325 3986 lovis
340 3923 387 3986 ira
404 3925 478 3990 tulit
494 3923 619 3989 liedatis
636 3926 774 4014 turpiter
788 3925 851 3989 aris

169 4037 262 4100 Caede
279 4035 371 4100 ducis
386 4039 517 4121 Colchi,
541 4057 638 4128 atque
655 4041 743 4106 AEeae
761 4041 894 4130 virginis
911 4041 1017 4105 ausu?

169 4153 217 4215 An
236 4152 321 4216 lavet
335 4168 374 4216 ut
386 4153 538 4244 Nympbe
552 4157 723 4220 commissa
737 4157 878 4246 piacula,
901 4175 1052 4245 quaeruut

169 4267 307 4351 ltaliam,
324 4267 481 4358 sedesque
498 4271 579 4354 deae,
597 4273 719 4336 Circeia
737 4273 861 4361 regna?
