3192 5138
319 597 381 664 ass
476 563 562 662 nro
590 595 839 679 lucrosis,
863 593 1217 662 suentensem

360 733 496 798 Dictaeas
508 731 624 816 Talus3
640 730 718 796 huic
734 730 840 822 rigido
859 747 946 797 stant
961 707 1098 820 corpora
1113 729 1206 795 ferro
1342 744 1382 785 ⁶⁶·

360 849 466 929 Dura,
484 869 544 912 uec
559 846 706 912 humano
723 845 827 936 frangi
846 861 982 935 pomero
996 845 1116 910 labore.

361 961 426 1028 Sed
440 960 531 1051 pedis
547 961 582 1024 in
598 961 663 1026 talo
679 961 780 1026 letalis
798 960 954 1052 sanguine
969 981 1051 1026 vena

363 1075 462 1140 Plena
479 1075 600 1140 micat:
616 1074 722 1139 solum
740 1073 805 1138 hoc
822 1073 969 1138 obscurae
986 1073 1049 1138 iter
1067 1089 1116 1138 est
1134 1071 1230 1136 breve
1248 1067 1356 1136 morti.

362 1194 403 1256 At
421 1191 540 1281 Minyas
557 1191 653 1254 mutis
672 1189 818 1280 oppressi
838 1187 965 1254 casibus
985 1186 1124 1270 haerent,

357 1307 478 1371 Incerti
494 1327 561 1394 quo
576 1305 645 1372 vela
661 1303 783 1386 lerant3
796 1303 878 1368 clam
895 1315 991 1366 nocte
1007 1323 1158 1392 suprema
1281 1367 1284 1376 ,
1340 1317 1380 1357 ⁶⁶⁵

359 1423 527 1484 Cretenses
540 1419 696 1507 linquunt
708 1433 837 1508 portus,
854 1417 1020 1505 altumque
1033 1431 1216 1504 capessunt.

358 1537 486 1600 Interea
500 1551 675 1624 torquente
690 1534 762 1617 siti,
781 1547 955 1622 torquente
971 1529 1100 1614 dolore,

358 1651 525 1716 Gnosiacis
540 1651 638 1714 vitam
653 1649 840 1738 posuissent
853 1648 1004 1736 protinus
1018 1646 1133 1728 undis,

245 1779 251 1810 ¹
360 1760 401 1825 Ni
418 1762 553 1828 miseros
565 1759 681 1827 Medea
696 1763 752 1849 pio
766 1782 917 1826 sermone
929 1761 1083 1825 levasset:

280 1961 285 1972 ,
400 1876 564 1964 «Accipite
581 1875 664 1958 haec,
678 1875 811 1965 Minyae:
825 1875 992 1940 mortalem
1012 1875 1078 1939 sola
1098 1873 1255 1955 domabo,
1342 1894 1381 1944 57⁰

355 1989 404 2053 Sit
419 1989 618 2079 quicumque
629 1990 723 2072 velit,
739 1990 789 2055 vel
802 1991 828 2054 si
842 2005 949 2054 totum
961 2011 1042 2054 aerea
1055 2010 1173 2078 corpus

356 2105 461 2172 Massa
478 2123 581 2196 tegat,
597 2107 696 2170 niteat
707 2104 802 2170 viridi
818 2127 1015 2194 quamquam
1029 2103 1081 2168 ille
1090 2105 1234 2184 juventa.

355 2222 403 2286 Sit
418 2219 519 2286 modo
535 2236 605 2286 tuta
620 2221 713 2302 ratis,
730 2220 796 2284 saxi
812 2241 854 2283 ne
868 2219 1001 2284 verbere
1013 2239 1121 2307 pressa

357 2334 510 2401 Deficiet:
529 2335 627 2399 vitate
642 2357 753 2424 graves
770 2357 788 2398 a
803 2333 898 2397 litore
914 2333 1037 2414 jactus,
1061 2401 1067 2411 ,

355 2449 470 2516 Donec
489 2471 581 2542 agam
600 2449 730 2538 magicis
746 2447 808 2512 sub
821 2449 952 2512 Tartara
968 2447 1059 2537 nigra
1074 2445 1238 2514 venenis·
1337 2471 1375 2523 ⁶⁷⁵

396 2605 397 2608 =
422 2563 475 2629 Sic
491 2564 553 2647 ait3
569 2587 588 2628 a
603 2563 675 2628 telis
693 2562 865 2627 retrahunt
884 2557 1033 2650 Pagaseia
1049 2575 1187 2623 uanstra

354 2678 492 2760 Hermes,
509 2656 863 2768 magicaependentque
880 2698 898 2738 a
913 2695 1082 2738 murmure
1098 2673 1226 2762 linguae.

356 2791 514 2858 AEsonide
529 2783 644 2859 Medea
659 2793 730 2858 viro
749 2791 901 2856 comitata
918 2787 1054 2852 recurrit

357 2906 395 2968 ln
414 2905 566 2995 puppim,
579 2907 723 2970 mulcens
739 2905 890 2968 Hecatreo
907 2901 1049 2966 carmine
1065 2901 1179 2964 Parcas

356 3021 524 3102 Fatil'eras,
537 3021 594 3084 imi
609 3021 726 3084 celeres
743 3041 821 3107 quas
838 3040 952 3081 rumor
964 3017 1082 3081 Averni
1334 3034 1376 3072 δυο

359 3134 437 3196 Esse
454 3155 548 3197 canes
565 3150 745 3216 memorat;
761 3155 833 3219 quae
847 3147 919 3195 toto
933 3130 1038 3195 lurida
1053 3131 1131 3194 coelo

284 3257 288 3266 '
355 3246 503 3311 Monstra
517 3248 645 3328 volant,
663 3247 736 3312 vitae
751 3262 914 3311 nectentes
931 3247 1010 3309 retia
1029 3261 1156 3309 nostrae.

354 3358 561 3446 Supplicibus
576 3359 702 3440 verbis,
724 3359 855 3450 magicis
871 3382 1004 3448 quoque
1022 3359 1170 3423 cantibus
1187 3361 1255 3424 illas

357 3471 422 3534 Ter
436 3489 544 3553 vocat,
561 3488 593 3536 et
607 3474 756 3563 precibus
771 3491 820 3539 ter
834 3475 930 3539 vertit
946 3475 979 3538 in
997 3474 1121 3538 hostica
1137 3477 1243 3539 furvas

357 3584 454 3648 Arma
467 3606 577 3669 canes,
590 3588 768 3677 oculosque
779 3589 860 3668 Tali,
869 3589 1057 3678 perstringit
1074 3588 1234 3672 adurens3
1336 3611 1375 3650 su

360 3697 439 3762 Mox
452 3699 570 3790 rigidas
587 3703 713 3792 magico
728 3705 822 3768 Diras
838 3704 1019 3768 cantamine
1037 3720 1178 3792 torquet.

399 3815 531 3880 Summe
547 3831 637 3906 pater
652 3817 780 3901 divum,
793 3842 929 3908 magnus
943 3835 1057 3908 stupor
1074 3818 1187 3882 intima
1200 3839 1307 3886 versat

358 3926 465 3991 Corda
482 3928 579 4013 mihi,
595 3932 622 3995 si
641 3932 752 4022 lingua
769 3955 900 4015 necem,
914 3933 941 3997 si
957 3955 1125 3998 murmura
1140 3951 1279 4022 possunt

356 4043 509 4107 lnteritus
523 4045 638 4110 afferre
652 4047 794 4124 homini,
813 4048 1014 4137 celerareque
1029 4047 1103 4113 fata.

400 4157 515 4222 Ferrea
531 4160 585 4224 cui
601 4162 700 4226 moles
717 4163 894 4250 praecordia
911 4163 1015 4228 ferrea
1034 4164 1156 4227 circum
1338 4191 1377 4242 ες.

355 4269 438 4334 Tota
454 4272 531 4354 fuit,
549 4276 643 4342 cessit
662 4278 785 4366 magico
801 4295 983 4366 prostratus
998 4279 1038 4343 ab
1055 4303 1126 4360 orc;
