3102 5128
329 501 455 572 novt
490 481 738 566 uninoms
768 505 926 572 neree.
1102 497 1157 560 151

94 623 171 675 attae
185 643 233 676 res
248 623 304 688 sit,
317 620 428 674 invitam
446 615 553 689 legentie
566 627 680 668 mentem
694 617 815 671 obecoenu
834 617 954 691 quiedam
971 629 996 669 et
1014 613 1082 667 sorde
1095 611 1164 666 subit

94 707 172 778 imago
182 705 348 760 domestice
357 702 430 757 cenis
438 743 446 768 ,
455 699 617 754 catulitionie
629 709 762 771 tempore,
774 720 788 753 a
801 720 874 756 mare
885 699 1020 755 cohibitio:
1034 715 1092 769 que
1105 693 1164 766 qui·

93 789 146 842 dem
155 791 280 844 Veneris
294 800 359 843 estu
372 787 490 858 inquiete
508 785 578 838 ultro
592 783 710 855 citroque
723 802 769 854 per
781 786 906 838 conclave
918 799 1094 844 concursant,
1107 778 1164 831 lde·

93 872 163 926 desm
172 873 263 926 nimia
275 889 363 928 ceum
376 881 402 923 et
414 869 523 922 ellectue
533 866 704 920 similitudine
712 881 889 939 representat.

122 1013 153 1060 v.
166 1027 233 1080 ¹²7·
251 1011 365 1060 Tandem
376 1009 451 1056 etiam
464 1009 532 1056 molli
539 1023 590 1054 sere
601 1007 674 1055 semel
686 1006 796 1072 increpat
806 1007 855 1058 ira.
868 1035 902 1044 -—
913 1005 1080 1056 Burmannur
1093 1013 1166 1055 notat

94 1095 185 1143 novem
200 1097 275 1144 ἰναηι
286 1091 330 1144 hic
343 1107 401 1148 esse
417 1105 502 1142 teram
519 1086 660 1157 imaginent
676 1086 759 1142 animi
767 1085 910 1140 dubitanti·
920 1123 927 1150 ‚
937 1085 983 1158 qni
996 1085 1103 1158 quidem
1117 1104 1166 1158 pu-

94 1175 162 1241 dmi,
174 1175 226 1229 sed
238 1173 330 1245 magis
344 1184 432 1225 tamen
446 1171 530 1224 amori
544 1169 602 1224 rrlt
613 1169 740 1242 obcequi;
755 1169 834 1226 nasci
847 1169 953 1242 quidem
966 1169 1016 1222 sibi
1031 1169 1166 1234 Medeam,

94 1269 116 1308 ct
127 1275 154 1310 sc
164 1259 336 1330 objurgare,
348 1253 420 1327 qood
433 1253 564 1326 peregrini
573 1270 665 1307 amore
673 1253 775 1314 calent.
788 1254 861 1306 illem
871 1272 933 1308 vero
946 1272 999 1306 uon
1014 1271 1069 1308 eece
1079 1254 1164 1326 pervi-

95 1358 179 1394 cacem
190 1353 220 1394 et
232 1359 331 1395 veram
343 1379 351 1404 ,
362 1339 408 1393 sed
423 1338 569 1392 molliorem
585 1339 668 1400 irem,
681 1355 739 1408 qno
757 1355 784 1390 ee
796 1337 930 1409 increpet,
944 1336 989 1391 sed
1003 1355 1061 1408 quer
1076 1348 1164 1390 tamen

95 1425 173 1476 emori
187 1424 276 1478 facile
288 1421 366 1476 cedit.
384 1427 495 1483 «Semel,
510 1421 562 1486 eit,
573 1422 675 1492 egregie
686 1439 692 1472 :
705 1419 779 1492 queri
789 1421 844 1492 jem
859 1421 955 1474 louctss
968 1419 1073 1488 officio„
1088 1421 1162 1475 dein·

96 1525 151 1580 cepe
162 1509 244 1564 frena
258 1508 322 1562 dare
333 1507 418 1560 furori
426 1507 523 1561 liceret.
538 1531 549 1552 ι

125 1645 157 1698 V.
170 1647 234 1717 139.
252 1654 289 1699 At
299 1650 384 1698 redeat
396 1666 546 1715 quocumque
559 1649 643 1706 modo,
659 1665 743 1714 oreque
757 1650 804 1698 ista
812 1650 912 1714 precari

248 1732 362 1790 Nesciat,
372 1744 446 1796 atque
455 1749 532 1780 meum
542 1748 591 1780 nats
601 1732 681 1780 oderit
687 1733 728 1780 ille
733 1745 870 1798 parentem.

103 1853 154 1898 «Ae
165 1849 228 1917 (sic
243 1849 316 1902 euim
330 1848 469 1922 legendum
482 1848 587 1922 putavi,
604 1848 692 1920 inquit
703 1850 872 1921 Wagnerus‚
887 1869 937 1920 pro
952 1867 1010 1912 aue,
1023 1869 1072 1904 nec
1087 1852 1166 1904 reiro-

100 1941 190 1996 gantnr
202 1931 335 2004 codices)
348 1935 435 1984 redeat
449 1951 600 2002 quocumque
616 1935 700 1996 modo,
712 1933 801 1986 omnis
819 1951 868 2004 ego
887 1935 1017 2000 movebo,
1030 1946 1059 1988 ut
1077 1934 1167 1988 redeat

101 2029 184 2088 sospes
197 2035 233 2070 ac
249 2017 332 2070 victor
342 2015 377 2070 ed
386 2017 472 2070 aulam
484 2027 616 2080 noemam,
627 2016 758 2070 utiterum
771 2016 880 2070 videndi
892 2037 952 2072 eum
965 2018 1086 2090 voluptas
1102 2019 1167 2074 milri

102 2098 250 2172 contingat,
264 2099 301 2152 ita
312 2111 416 2165 tamen,
430 2113 457 2150 ut
467 2119 505 2150 me
518 2103 566 2152 ista
574 2103 675 2167 precari
691 2111 716 2152 et
732 2099 876 2154 machinari
889 2108 983 2154 resciat
1004 2103 1166 2172 (admodum

102 2180 198 2248 Placet,
209 2182 288 2256 quod
303 2183 394 2238 Lenzii
409 2181 536 2254 sagacitas
548 2182 649 2236 mavult
659 2221 666 2246 ,
676 2185 791 2250 resciat),
801 2198 876 2250 atque
886 2204 965 2236 mura
976 2205 1024 2236 nou
1039 2189 1117 2236 oderit
1126 2188 1168 2237 ille

101 2283 239 2330 mum,
253 2266 395 2320 vindictam
406 2279 492 2321 sumet
503 2277 609 2338 epatre.
628 2266 759 2320 Hactenus
775 2265 835 2320 setis
853 2267 920 2320 bene
930 2304 937 2331 ‚
948 2255 1108 2339 semumque
1121 2269 1168 2322 eli·
1209 2324 1210 2327 ,

105 2365 178 2416 quem
192 2351 308 2424 virginei
322 2350 430 2422 pudoris
442 2351 598 2422 pietatisque
608 2350 635 2402 in
647 2363 780 2420 parentem
790 2349 881 2406 Medea
892 2352 994 2404 retinet.
1005 2377 1017 2396 ο

136 2485 169 2539 V.
183 2493 243 2544 161.
261 2493 297 2539 Ac
310 2507 347 2538 me
358 2508 422 2539 urano
434 2491 535 2555 decepta
545 2490 650 2554 reliquit.
670 2518 703 2527 -
724 2487 822 2539 Forsan
841 2486 980 2556 legendum
997 2508 1044 2537 nou
1061 2491 1169 2555 decepta.

110 2567 249 2625 Vaticanus
261 2570 341 2624 codex
352 2591 401 2622 nou
413 2589 462 2641 pro
473 2589 536 2622 renero
547 2569 627 2622 habet
637 2611 644 2635 ,
654 2569 698 2621 lib.
709 2571 744 2632 V,
754 2589 779 2620 v.
796 2588 852 2638 ¹7²·

138 2709 172 2762 V.
184 2715 245 2782 167.
255 2715 444 2781 &perpetro
453 2741 488 2750 —
497 2709 602 2764 vaius
613 2707 727 2762 adhunc
740 2710 827 2761 locum
837 2709 957 2780 Virgilii,
972 2711 1031 2762 AEn.
1041 2710 1091 2772 vl,
1101 2729 1149 2780 7¹¹
1162 2730 1167 2762 :

109 2805 158 2850 qua
168 2794 219 2842 sint
229 2793 372 2860 eustanum
377 2809 467 2857 porro,
477 2787 514 2842 eit
521 2809 599 2856 porro
611 2807 725 2860 mum
737 2807 792 2842 esse
803 2787 961 2842 vocabulum
973 2793 1053 2864 πορῥω
1063 2789 1169 2863 (longe).

109 2867 162 2923 lion
175 2887 244 2946 pato
255 2871 395 2946 Virgilium
403 2854 440 2926 'ac
450 2873 586 2926 Valerium
599 2891 683 2946 grece
700 2891 765 2926 voce
778 2891 839 2926 usne
853 2890 908 2926 eece
925 2891 973 2944 pro
991 2873 1070 2927 letina
1089 2879 1169 2944 lorge.

115 2953 182 3010 ldem
195 2958 301 3012 Servius
312 2956 346 3012 ed
358 2955 441 3011 elium
453 2957 559 3018 locum,
573 2959 631 3008 AEu.
643 2957 691 3019 IX,
705 2973 755 3024 ¹9⁰
765 2975 771 3008 :
783 2959 880 3024 percipe
885 2977 961 3024 porro
974 2960 1040 3023 Quid
1047 2960 1167 3018 diaetam,

116 3039 230 3094 eamdem
242 3059 334 3093 vocem
350 3038 388 3092 sic
407 3039 532 3108 explicet:
548 3065 560 3084 a
566 3059 643 3109 porro
661 3038 790 3092 hortantia
808 3051 862 3102 est,
876 3052 921 3092 ast
935 3059 1004 3093 nunc
1019 3042 1170 3112 conjunctio

117 3123 235 3191 explain
246 3144 276 3186 »ς
289 3125 402 3187 rectius,
413 3133 442 3175 ut
455 3123 519 3177 mihi
530 3121 642 3177 ridetur.

146 3253 181 3307 V.
194 3254 251 3325 175.
263 3258 321 3322 Quis
333 3269 400 3306 mota
411 3259 464 3306 loco
480 3257 651 3323 labefactaque
659 3256 850 3308 cessa-conf.
862 3255 954 3328 Virgil.
964 3259 1022 3308 AEn.
1036 3256 1086 3320 IV,
1101 3257 1151 3325 395
1164 3276 1171 3309 τ

118 3355 280 3411 -neguoque
293 3337 411 3392 animum
421 3339 556 3407 tabesam
567 3357 657 3395 amore
666 3365 678 3384 n
688 3357 696 3401 3
706 3339 831 3398 Nostrum
845 3359 924 3412 supra
934 3381 942 3405 ‚
952 3339 1004 3405 111,
1021 3359 1070 3394 aso
1083 3361 1090 3394 ε
1104 3366 1114 3387 ι
1129 3360 1174 3396 ne·

118 3435 164 3486 gne
174 3422 244 3486 eninr
255 3421 331 3492 &nee
347 3423 437 3477 redut
450 3423 526 3482 Aaou
536 3426 588 3472 loco
600 3445 621 3474 a.
635 3453 669 3462 -
684 3429 754 3474 Mara
767 3427 822 3476 loco
837 3437 862 3476 et
882 3427 1004 3492 labefireta
1018 3438 1078 3480 serit
1092 3436 1173 3478 meta·

120 3502 202 3571 plura
214 3525 228 3558 e
240 3525 269 3562 re
283 3505 392 3568 militari
402 3503 497 3561 ductu.

150 3637 183 3689 V.
198 3637 514 3708 185.1psamflommrferos
527 3657 613 3706 cogam
624 3655 773 3704 compescere
783 3651 881 3695 tauros,

222 3725 223 3728 ’
272 3725 467 3789 Amplexumque
477 3725 542 3788 pati.

120 3835 217 3892 Invenit
232 3838 295 3897 Pius
310 3839 337 3890 in
354 3838 486 3894 codicibus
499 3839 546 3911 qui
562 3837 701 3908 Pomponii
717 3837 782 3892 Lea
796 3836 899 3894 inerant
916 3849 1053 3910 requenter
1064 3854 1173 3892 versus:

254 3959 330 4017 {psam
340 3955 488 4003 flammiferos
498 3970 580 4016 cogsrn
589 3970 735 4016 compescere
747 3965 836 4008 tauris.

254 4035 330 4092 Atque
342 4047 425 4078 novem
436 4039 539 4092 segetem
551 4029 641 4076 ardenti
655 4029 762 4078 decidere
774 4031 849 4082 l'erro;

253 4105 390 4167 Pervigilem
402 4122 483 4152 somno
497 4105 716 4162 claudentemvicta
728 4107 852 4164 draconem

253 4181 350 4228 Lumina
362 4183 491 4242 conspicies
502 4203 520 4227 n.
533 4181 594 4228 Lete
605 4191 639 4228 est
649 4185 661 4228 J
665 4198 710 4227 uno
720 4201 723 4223 z
737 4183 791 4230 inde
802 4182 911 4240 resurgit,

255 4257 414 4317 amplexuque
426 4258 491 4318 petit.
