3192 5138
361 615 768 722 succurramur,
789 640 876 704 ua.
897 641 942 703 x.
1121 636 1181 701 261

161 768 298 857 Palpitat
310 767 429 856 exiguo
441 765 571 855 frigenti
585 785 724 852 corpore
739 761 853 827 cauda.
953 769 955 774 ’

162 879 343 968 Suppositis
357 902 435 944 vero
453 879 550 968 capiti
567 877 782 943 candentibus
801 878 911 957 ulnis,

161 991 355 1083 Hesperides
372 993 488 1083 tepidis
504 991 667 1058 foedabant
683 991 842 1060 imbribus
859 1014 926 1054 ora.

160 1107 332 1195 Improvisi
348 1095 467 1172 adsunt
479 1085 600 1195 ltlinyae
612 1130 620 1171 ε
634 1105 843 1170 venientibus
858 1104 918 1168 illis
979 1149 983 1156 -

157 1223 255 1313 Signa
270 1221 361 1288 dedit
373 1223 476 1310 pulvis
490 1221 625 1288 nitidam
644 1222 789 1286 sublatus
806 1220 840 1284 in
859 1220 1008 1284 aethram..

160 1337 307 1402 Monstra
322 1337 431 1402 mnus
445 1336 554 1402 divina
570 1352 702 1426 repente
716 1350 890 1426 agnoverat
907 1333 1076 1421 Orpheus,

160 1453 382 1540 Hortamsquc
398 1448 474 1516 deas
492 1449 620 1515 blandis
635 1450 680 1514 ita
695 1447 831 1514 vocibus
849 1447 942 1512 iniit:

206 1563 414 1630 -Pmdentes
429 1565 639 1654 pulchreque
655 1562 741 1646 deae,
758 1585 815 1627 seu
829 1563 964 1630 numina
978 1563 1064 1643 oaeli,

158 1681 224 1745 Seu
240 1695 332 1745 terrae
347 1680 470 1770 reginae
482 1681 575 1762 estis,
593 1701 831 1766 nemorumque
847 1701 1032 1760 sacrorum,

160 1793 281 1860 Adsitis
299 1794 476 1885 Nymphoe,
492 1818 513 1858 ο
529 1794 691 1884 Nymphoe
706 1792 911 1864 Oceanitides
926 1793 1035 1875 almae,
1144 1814 1182 1858 us

159 1908 266 1972 Dicite
282 1909 341 1972 ubi
356 1909 509 1974 scatebris
528 1931 586 1997 per
601 1931 727 1974 summa
742 1909 910 1973 cacumina
929 1908 1042 1972 labens

161 2020 306 2088 Profluat
321 2022 427 2106 unda,
441 2046 570 2088 saccrvc
586 2023 716 2111 liquor,
726 2045 794 2111 quo
807 2024 927 2088 viscera
944 2038 1071 2088 torrens

161 2136 281 2202 intima
296 2137 411 2204 anhela
426 2139 495 2204 sitis
509 2139 664 2228 populato
680 2161 698 2203 e
712 2154 844 2227 pectore
862 2137 964 2202 cedat.
1080 2145 1084 2154 “

158 2250 260 2332 Quod
276 2253 303 2316 si
319 2252 404 2318 forte
423 2251 535 2336 datum
554 2270 603 2318 est
622 2254 694 2318 fatis
717 2253 751 2317 in
762 2255 902 2342 'amicius
921 2276 1033 2318 arvum

156 2363 201 2425 Et
218 2363 359 2450 patrium
377 2363 510 2430 rediisse
528 2367 651 2448 solum,
669 2383 749 2431 tunc
765 2391 901 2432 munera
919 2368 1000 2457 grati
1140 2388 1181 2432 4⁵0

158 2477 351 2561 Innumcra,
370 2465 403 2544 et
414 2480 527 2546 restris
540 2481 683 2569 primum
697 2481 870 2546 libabimus
883 2483 966 2563 aris,

156 2593 205 2657 Ac
222 2593 348 2684 Minyas
364 2611 442 2660 voto
459 2596 594 2662 reduces
612 2597 807 2665 damnabitis
825 2621 938 2662 omnes
952 2629 975 2664 ι.

200 2707 408 2795 Supplicibus
423 2710 529 2774 verbis
546 2712 592 2776 sio
608 2712 710 2794 latus,
726 2737 848 2778 numen
864 2713 976 2778 adorat

156 2819 404 2908 Nympharum:
423 2822 533 2888 faciles
549 2825 832 2894 illac'miserescere
850 2846 981 2894 moestos

157 2934 340 3022 Incipiunt,
356 2921 538 3028 herbasque
556 2940 677 3007 docent
692 2945 814 3036 uligine
830 2947 933 3011 multa
1142 2969 1180 3015 sss

158 3045 317 3134 irriguas,
333 3049 453 3137 quihus
467 3051 558 3118 unda
571 3056 724 3144 frequens
740 3083 815 3124 cum
832 3085 1001 3127 murmure
1015 3067 1113 3154 serpit

156 3161 354 3248 Somnifico,
370 3167 464 3230 variis
482 3167 688 3260 distinguens
701 3171 837 3239 floribus
855 3197 947 3258 arva,

156 3276 376 3366 Arboreisque
392 3283 516 3365 comis3
534 3284 589 3350 hic
606 3287 748 3375 Hespera
765 3291 925 3378 populus,
943 3291 1036 3381 AEgle

157 3391 258 3455 Versa
275 3393 364 3459 subit
380 3417 484 3460 sacras
499 3399 626 3482 salices,
646 3401 837 3491 almumque
851 3406 1010 3493 Erytheis.

155 3505 216 3568 llis
233 3505 343 3571 subito
358 3509 529 3576 arboribus
544 3513 772 3602 Nympharum
790 3518 958 3607 pulchrior
973 3521 1065 3612 AEglc
1140 3542 1179 3588 ⁴⁶0

155 3620 210 3684 Sic
224 3619 349 3688 blandis
363 3623 490 3714 Minyas
506 3628 611 3694 verbis
627 3630 745 3694 affatur
760 3649 890 3720 egentes
906 3659 914 3699 :

202 3734 332 3818 «Certe,
348 3736 420 3803 diva
437 3741 570 3818 cohors,
587 3743 728 3834 rigidum
746 3746 945 3835 quicumque
963 3729 1137 3815 draconem

155 3850 306 3914 Confecit
323 3851 470 3940 pridem,
488 3855 544 3942 qui
563 3857 657 3921 nobis
674 3882 770 3923 aurea
787 3860 869 3923 mala

158 3961 328 4045 Servabat,
341 3961 435 4030 vobis
451 3967 505 4032 hic
523 3971 695 4056 commoda
714 3996 829 4062 magna
845 3976 985 4062 paravit,

155 4075 219 4139 Sed
234 4078 391 4168 lacrymas
409 4081 571 4172 Nymphis
589 4103 772 4175 eternaque
789 4089 906 4154 damna
923 4090 1062 4177 reliquit.
1137 4115 1178 4157 ass

155 4188 273 4256 Nescio
290 4183 364 4280 quis
382 4217 483 4261 saevus
500 4201 671 4288 peregrino
688 4203 825 4294 claviger
841 4205 935 4286 orbe,

154 4306 301 4394 Corpore
315 4309 448 4375 terribili
465 4327 563 4401 atque
577 4315 696 4398 oculis,
711 4316 763 4380 cui
778 4319 885 4382 fronte
901 4317 1070 4386 tremenda·
