3192 5138
322 470 325 479 ’
359 488 361 504 ’
411 512 474 578 111
566 511 650 574 110
679 509 930 591 lucrosis,
954 511 1337 578 surrtsusurs

453 644 670 731 Fortunaeque.
689 642 810 706 instare
828 659 933 730 parat,
951 643 1131 733 dirumque
1147 645 1259 710 favori.

452 758 495 822 At
512 756 627 822 Colchi
640 757 787 845 quamvis
803 757 901 820 amnis
919 773 953 821 ct
969 757 1069 824 milite
1085 775 1238 848 prestent

453 873 651 952 Innumero,
675 887 831 934 armatam
850 871 971 959 pubem
996 889 1104 936 tamen
1125 897 1232 963 usque
1252 873 1416 940 reducunt

451 989 490 1052 In
506 986 577 1050 loca
591 1001 661 1051 tuta
678 987 793 1068 maris,
807 985 876 1050 viso
891 1009 949 1074 per
963 1003 1101 1054 transtra
1120 989 1230 1053 furore

452 1103 557 1192 Ignis,
575 1117 608 1166 et
621 1101 756 1166 adverso
773 1101 893 1191 Minyis
909 1123 1106 1194 consurgere
1120 1105 1225 1170 bello:

450 1220 592 1282 Vulnere
608 1218 746 1307 perculsi
761 1219 911 1307 gemino,
922 1219 1046 1299 jactura
1063 1219 1222 1309 ducisque

448 1331 616 1398 Terrilicat
632 1347 775 1414 mentes,
790 1347 824 1396 et
841 1333 958 1400 acerbo
974 1335 1122 1398 concutit
1137 1352 1230 1400 aestu.

449 1448 574 1512 Emicat
590 1444 763 1510 AEsonides
779 1445 912 1512 inImica
931 1449 1086 1536 corymba
1102 1449 1275 1528 revellens,

447 1565 632 1651 Rostraque
649 1561 853 1652 perfringens
872 1563 988 1652 Argois
1005 1565 1119 1629 aemula
1134 1565 1262 1645 rostris,

447 1679 517 1744 Nec
531 1678 640 1742 minus
664 1693 696 1742 et
715 1678 852 1740 laterum
880 1677 1006 1743 tabulas
1023 1679 1205 1768 perrumpit
1223 1679 1350 1744 inertes.
1454 1699 1479 1734 ³0

450 1795 525 1858 Non
542 1814 635 1857 secus
651 1791 684 1854 in
705 1792 819 1855 molles
836 1791 950 1880 pernix
968 1793 993 1857 si
1015 1795 1098 1856 sorte
1115 1793 1281 1858 columbas

447 1907 566 1973 Incidit
580 1907 747 1996 accipiter,
766 1905 853 1970 cadit
872 1907 941 1971 haec
958 1907 1074 1972 laniata
1090 1909 1233 1972 cruentis

447 2023 639 2112 Unguibus;
664 2022 716 2085 1111
732 2044 832 2086 ruens
848 2023 1005 2112 resupino
1024 2040 1155 2111 pectore
1174 2039 1314 2089 rostrum

446 2139 607 2226 Experta,
623 2137 745 2199 alarum
764 2133 851 2201 cadit
868 2135 1025 2226 exagitata
1043 2138 1186 2228 fragore,

446 2257 512 2318 Aut
528 2251 648 2340 plumis
663 2250 786 2316 nudata
804 2251 871 2316 suis
887 2275 895 2316 :
912 2251 959 2317 sic
976 2251 1110 2316 lluctuat
1126 2277 1259 2344 agmen,
1453 2276 1478 2312 ν,

446 2371 487 2432 Et
503 2367 592 2456 turpi
610 2365 666 2430 dat
681 2383 770 2457 terga
787 2365 893 2456 fuga,
922 2365 1069 2432 subsistit
1084 2369 1178 2432 Iason

443 2485 629 2547 Contentus
644 2481 757 2546 vicisse
779 2482 864 2546 feros
884 2481 954 2545 sine
970 2483 1132 2571 sanguine
1149 2483 1298 2548 Colchos.

488 2597 552 2663 Olli
572 2599 738 2661 fortunam
756 2594 944 2678 adversam,
967 2598 1119 2687 regisque
1143 2600 1275 2687 superbi

445 2714 600 2777 Invictam
623 2711 775 2802 precibus
795 2727 959 2792 mentem,
979 2711 1195 2800 praeduraque
1210 2713 1306 2778 corda

442 2828 560 2910 AEetae,
580 2843 723 2916 natoque
739 2847 838 2916 super
854 2826 936 2889 111111
953 2842 1043 2891 tanta
1062 2846 1249 2917 perempto,
1453 2861 1479 2894 1»

443 2945 617 3010 Volventes
635 2944 766 3024 animo,
786 2958 935 3007 statuunt
952 2942 1171 3008 concordibus
1190 2947 1279 3010 urnis

441 3063 480 3125 ln
497 3083 586 3125 mare
603 3082 679 3122 mox
697 3059 859 3122 Cronium
876 3057 995 3123 festino
1012 3055 1138 3124 flectere
1157 3083 1258 3126 remo.

441 3175 591 3240 Fulmina
609 3172 666 3238 sed
683 3173 815 3238 vibrans
832 3171 986 3261 prohibet
1002 3171 1151 3238 Saturnia
1167 3177 1264 3240 Iuno.

439 3292 609 3355 Postremo
627 3312 751 3371 mores,
767 3288 956 3376 rabiemque
977 3287 1127 3378 Cytaeidis
1143 3306 1226 3370 orae,

439 3405 664 3492 barbaricique
681 3405 742 3468 iras
761 3403 844 3490 regIs
862 3401 1030 3490 furiasque
1045 3407 1171 3494 perosi,

441 3524 479 3585 ln
495 3521 599 3584 varios
616 3519 723 3584 abiere
740 3520 847 3600 locos,
866 3518 1030 3610 gunabula
1046 3520 1151 3608 gentis

439 3637 546 3702 Prima
562 3635 672 3698 futma
690 3656 777 3699 susc:
795 3633 829 3696 hi
846 3653 911 3721 qua
927 3655 996 3698 sese
1015 3633 1143 3722 hospita
1163 3633 1271 3699 fundit

438 3752 563 3832 Insula,
580 3749 639 3814 ubi
656 3747 788 3837 Absyrti
808 3747 1005 3836 cognomine
1023 3764 1107 3812 terra
1123 3766 1268 3832 vocatur,

437 3871 537 3935 Terra
555 3867 647 3931 ducis
663 3865 745 3956 grati
761 3883 977 3930 monumenta
994 3867 1149 3956 perennia
1162 3891 1311 3932 servans:

437 3991 493 4050 Ast
509 3984 563 4048 alii
577 3984 661 4047 latus
678 3980 863 4068 Illyricum,
881 3979 1095 4070 Cadmaeaque
1108 3979 1200 4063 juxta

437 4100 588 4164 CulmIna
607 4097 800 4162 substructae
818 4120 890 4184 quae
907 4098 1011 4187 surgit
1028 4097 1062 4161 in
1078 4098 1196 4162 aethera
1214 4099 1330 4178 turris,

435 4213 666 4300 Enclreliisque
684 4211 760 4276 viris
774 4213 879 4294 juncti
895 4213 1003 4278 vixere
1019 4215 1127 4278 coloni
