3192 5138
355 521 418 594 214
471 517 522 580 IN
550 517 637 582 LIB.
664 517 895 582 OCTAVUM
919 519 1312 590 ARGONAUTICON

388 659 422 709 V.
433 677 476 728 9⁰·
488 662 535 711 Ceu
546 661 649 730 refluens
662 659 759 720 Padus,
769 673 815 710 aut
824 673 914 727 septem
921 663 1047 730 projectus
1061 665 1085 712 in
1096 681 1180 714 amnes

494 745 567 794 Nilus
573 781 581 804 ,
593 757 617 794 et
629 745 771 810 Hesperium
781 747 882 795 eveniens
892 747 1000 813 Alpheos
1010 747 1035 796 r'n
1046 751 1137 800 orbem.

352 881 394 936 Sic
404 879 575 950 Wagnerus:
592 905 604 924 α
615 877 694 932 Haud
707 895 802 950 perum
816 877 981 934 desudarunt
995 883 1024 934 in
1038 881 1089 936 hoc
1108 884 1168 937 loco
1182 885 1353 958 interpretes,
1365 889 1428 961 qui,

353 965 467 1018 siverbn
486 973 603 1035 spectes,
617 962 684 1015 nihil
705 960 851 1016 admodum
871 962 1036 1019 difficultatis
1055 965 1145 1020 hebet.
1168 967 1312 1039 Comperat
1332 989 1429 1042 nempe

348 1049 663 1126 draconemporrectum
682 1067 744 1101 curn
762 1048 847 1101 tribus
864 1047 969 1116 fluviis,
986 1067 1101 1122 quornm
1115 1052 1212 1124 cuique
1229 1052 1305 1106 eddit
1319 1057 1428 1126 pertici·

351 1135 424 1206 plum
438 1151 445 1185 :
460 1135 563 1204 refluens
575 1130 659 1184 Padus
669 1169 676 1194 ,
683 1135 808 1200 projeetus
817 1132 909 1199 Nilus,
919 1136 1021 1186 veniens
1031 1133 1158 1205 Alpheus.
1174 1137 1207 1188 Et
1220 1140 1304 1189 Padus
1317 1137 1427 1210 quidem

352 1222 456 1292 refluens
477 1229 515 1270 est
531 1214 680 1282 exundans,
694 1216 764 1269 ultra
786 1217 858 1288 ripas
878 1217 995 1282 effusus,
1009 1217 1079 1272 nihil
1095 1219 1218 1292 emplius.
1237 1221 1359 1288 Lucano,
1376 1223 1426 1276 IV,

355 1302 416 1366 134,
426 1311 464 1352 est
473 1315 605 1367 stagnans,
615 1296 708 1351 eodem
719 1316 797 1352 sensu
808 1321 815 1367 ς
826 1302 898 1352 conf.
912 1300 1031 1372 ejusdem
1044 1303 1160 1370 Lucani,
1170 1301 1218 1364 Vl,
1236 1323 1295 1377 ¹7²·
1353 1310 1426 1359 Nilus

349 1387 487 1452 projectus,
503 1379 575 1454 qnod
589 1381 695 1452 gravius
712 1401 793 1455 quum
810 1396 966 1455 porrectus,
982 1383 1043 1439 idco
1060 1397 1149 1440 tamen
1166 1407 1221 1442 non
1231 1390 1335 1462 placet,
1351 1391 1427 1462 quod

351 1466 445 1520 endem
454 1485 505 1520 vox
516 1465 604 1538 paullo
615 1478 682 1538 post,
691 1485 717 1518 r.
729 1467 776 1536 93,
788 1467 915 1520 occurrit.
924 1480 977 1521 ..et
983 1471 1092 1538 Alpheus
1103 1473 1211 1532 veniens,
1223 1490 1253 1524 cx
1266 1471 1353 1538 Elide,
1361 1474 1425 1526 snb·

353 1565 393 1604 ter
413 1549 494 1604 muria
510 1549 557 1604 diu
570 1559 706 1621 terrasque
720 1550 875 1621 depressus,
896 1569 957 1606 enm
976 1552 1106 1606 Arethnse
1124 1551 1220 1607 deinde
1237 1555 1333 1609 Sicilie
1351 1556 1426 1612 sonte

353 1655 437 1710 squas
450 1635 624 1698 consociem
649 1633 702 1688 vid.
724 1633 813 1690 Ovidii
828 1635 938 1690 Metam.
953 1633 1001 1691 lib.
1010 1638 1045 1700 V,
1065 1643 1182 1710 494-497
1200 1651 1227 1692 et
1244 1641 1295 1707 573
1316 1661 1355 1714 sq.
1376 1643 1424 1696 IIis

345 1721 426 1793 igitur
438 1718 569 1774 attributis
579 1719 701 1772 omnibus
716 1718 925 1788 magnitudinem
963 1719 1103 1774 fluviorum
1116 1719 1233 1776 indicere
1247 1723 1328 1776 voluit
1338 1737 1424 1794 poete.

350 1805 382 1858 In
395 1801 481 1857 verbis
495 1804 582 1877 itaque
603 1803 669 1855 nihil
681 1815 720 1857 est
732 1802 897 1856 offendiculi.
910 1802 961 1858 Sed
973 1803 1068 1858 vitium
1081 1805 1110 1858 in
1124 1823 1156 1858 eo
1168 1817 1222 1872 est,
1234 1807 1308 1879 quod
1327 1811 1424 1864 tenuis·

351 1891 419 1942 simo
428 1889 474 1942 fito
491 1890 603 1942 nectitur
620 1885 835 1942 antecedentibus
851 1887 1032 1961 comparatio,
1047 1901 1073 1942 et
1088 1907 1130 1942 res
1149 1889 1330 1962 magnitudine
1344 1894 1424 1948 nimie

350 1972 460 2028 diverse
470 2013 478 2039 ,
487 1977 570 2042 ingens
583 1976 698 2024 draconis
716 1975 810 2033 cervale,
825 1973 968 2044 magnique
986 1972 1101 2025 nominis
1119 1972 1191 2026 fluvii
1210 1973 1277 2028 inter
1290 1995 1318 2028 ee
1332 1978 1424 2030 conle-

348 2070 453 2111 runtur.
464 2055 531 2122 Sed,
545 2056 582 2108 nti
594 2055 771 2117 Burmannus,
786 2067 812 2108 et
825 2055 926 2110 Ernest.
935 2055 963 2107 in
973 2055 1041 2108 Diss.
1053 2055 1089 2120 ll,
1101 2054 1136 2108 de
1148 2055 1302 2111 elocutionis
1318 2072 1422 2130 poetar.

350 2143 395 2196 lut.
411 2141 527 2207 luxurie,
539 2159 567 2212 p.
579 2139 625 2208 89,
641 2151 712 2191 recte
730 2149 906 2200 monuerunt,
918 2139 1075 2190 obversatus
1089 2137 1185 2192 Nostro
1199 2152 1237 2192 est
1250 2141 1423 2212 Apollonius,

351 2222 529 2294 1V‚151,qni
546 2221 689 2275 draconem
708 2221 743 2274 sit
759 2221 831 2274 mille
843 2221 999 2293 explicuisse
1012 2221 1107 2286 orbes,
1123 2241 1177 2274 non
1194 2241 1269 2276 secur
1283 2243 1314 2276 sc
1328 2223 1423 2278 flnctus

349 2324 405 2366 ster
416 2323 441 2364 et
450 2308 547 2364 surdus
556 2321 580 2362 et
591 2305 735 2362 mnodum
745 2308 860 2360 fremens
870 2309 896 2360 in
906 2326 1012 2380 equore
1022 2325 1118 2380 magno
1127 2327 1155 2360 se
1166 2307 1273 2362 volvens
1284 2331 1291 2375 ;
1301 2309 1338 2362 sic
1349 2311 1422 2364 enim

349 2391 466 2464 intelligo
482 2389 593 2444 Graece:
609 2387 699 2462 prienes
721 2385 751 2442 di
769 2391 844 2462 μυρία
858 2391 953 2451 mixtu,
971 2383 1028 2444 Oine
1047 2392 1087 2444 des
1107 2391 1232 2461 βληχρῡῖσι
1252 2387 1421 2464 κυλινδόμινον

349 2475 486 2545 πιλάγισσι
501 2477 578 2544 Κῦμα
594 2473 685 2540 ptrue,
702 2471 780 2539 supin
795 2489 823 2521 τι
843 2469 885 2523 stul
904 2468 1018 2540 dipopov.
1034 2466 1097 2520 llcec
1109 2467 1232 2521 Valerius
1246 2487 1319 2523 more
1333 2470 1422 2524 imite-

349 2569 438 2610 tornm
452 2555 535 2627 magis
547 2569 674 2607 exomnre
683 2560 709 2604 et
720 2549 875 2605 calamistris
883 2551 991 2604 inurere
1002 2549 1053 2602 sibi
1064 2550 1134 2603 visus
1145 2563 1185 2606 est
1195 2577 1217 2604 n.

352 2685 355 2692 .
383 2641 493 2712 defluens
507 2637 604 2690 dicitnr
620 2633 654 2687 dc
666 2633 775 2686 llumine
789 2634 816 2686 in
830 2634 952 2700 alveum,
967 2646 1027 2705 post
1043 2632 1248 2688 mundationem
1261 2675 1269 2702 ,
1283 2655 1311 2690 se
1325 2655 1419 2690 recon-

349 2723 427 2778 dente
437 2742 445 2788 ;
456 2722 493 2776 sic
502 2721 576 2794 Virg.
588 2723 650 2774 AEn.
661 2719 740 2786 VIII,
751 2719 785 2771 86
797 2737 803 2770 :

484 2859 561 2906 'libris
572 2873 599 2904 ee
610 2855 719 2932 flurium,
731 2871 800 2918 quem
811 2831 883 2916 longe
893 2865 941 2908 est,
954 2865 1023 2902 nocte
1032 2865 1159 2904 tumentem

487 2933 576 2986 Lentis,
590 2941 614 2978 et
623 2929 694 2976 uciu
704 2929 799 2993 effluens
810 2928 842 2975 iu
853 2929 956 2976 substitit
968 2930 1039 2977 unda.

352 3073 393 3128 Id.
403 3077 462 3128 AEn.
473 3073 521 3136 IX,
533 3070 584 3123 de:

494 3224 514 3255 .·
525 3241 719 3254 .............
734 3216 774 3253 ent
784 3207 867 3268 pingui
876 3207 971 3254 flumice
984 3207 1064 3262 Nilus,

487 3284 565 3340 Quum
577 3281 649 3344 refluit
658 3280 755 3342 campis,
766 3290 789 3327 et
799 3283 848 3342 jem
858 3296 882 3328 se
891 3281 997 3328 condidit
1007 3283 1082 3328 elren.

348 3402 458 3472 flefisrens
469 3415 538 3448 more
547 3394 619 3468 apud
632 3394 700 3446 Plin.
711 3396 750 3458 11,
764 3413 810 3464 97,
824 3395 953 3466 significat
965 3411 1051 3448 eertum
1064 3401 1139 3450 maris
1153 3403 1316 3454 decedentem.
1331 3405 1418 3456 Iocus

348 3481 491 3555 Apollonii,
501 3479 535 3534 de
545 3481 765 3551 qnoannerus,
776 3478 877 3550 aliquid
886 3479 966 3532 hebet
975 3479 1082 3551 quidem
1097 3483 1193 3549 rimile,
1202 3485 1248 3538 sed
1261 3485 1339 3539 elisur
1348 3506 1417 3559 prn-

347 3564 392 3615 bet
410 3561 562 3632 imaginem.
582 3559 658 3610 Errat
669 3559 824 3630 ngnerne
843 3559 870 3610 in
890 3577 967 3612 sensu
987 3561 1061 3614 vocis
1074 3561 1196 3635 ἅθρομον,
1209 3583 1269 3636 quse
1287 3565 1418 3637 significat

307 3645 312 3652 '
346 3646 488 3711 hocloco,
502 3647 553 3695 sine
573 3646 682 3710 strepitu.
704 3643 795 3713 Neque
815 3643 885 3694 enim
907 3644 1028 3696 convenit
1047 3646 1171 3718 strepitus
1188 3665 1249 3700 cum
1263 3665 1366 3702 sonmo.

383 3730 513 3802 Alpheum
526 3740 617 3780 ructor
630 3727 763 3790 nominat,
773 3727 808 3777 nb
818 3744 910 3779 curem
920 3725 1123 3798 longitudinem,
1134 3729 1278 3801 respiciens
1289 3729 1323 3784 nd
1333 3731 1418 3803 longi·

349 3815 469 3870 tudinem
492 3813 553 3866 colli
571 3810 709 3872 droconis,
730 3807 803 3881 quod
822 3828 836 3862 s
860 3811 956 3863 vellere
974 3811 1003 3863 ri
1015 3812 1102 3865 somni
1120 3812 1158 3865 sic
1170 3813 1304 3868 recederet
1328 3819 1418 3884 (atque

349 3903 431 3968 ingens
458 3911 531 3947 extro
552 3915 598 3947 sua
621 3899 713 3946 vellem
738 3895 850 3960 cervix),
878 3905 908 3947 ut
925 3899 1066 3962 Hesperium
1090 3900 1191 3948 veniens
1209 3901 1316 3966 Alpheos
1335 3903 1360 3950 in
1381 3920 1417 3950 or·

347 3989 407 4034 bens.
420 3981 480 4034 Non
499 3992 586 4032 temen
601 3976 658 4030 hnc
675 3978 777 4049 siuguln
798 3975 971 4048 premendum
990 3991 1042 4032 est:
1063 3979 1125 4032 sntio
1140 3979 1174 4032 sit
1191 3983 1416 4053 comparutionem

346 4066 373 4116 in
386 4064 539 4117 unirersum
550 4072 678 4113 constare.

382 4199 417 4250 V.
432 4219 475 4266 9².
492 4203 549 4264 Ipsa
561 4211 636 4262 capnt
644 4199 698 4246 cari
702 4211 834 4263 postquam
848 4198 937 4246 Medea
948 4199 1061 4248 draconis

492 4281 558 4329 Vidit
567 4279 714 4346 humifiris
728 4282 818 4329 circum
829 4283 941 4348 projecta
955 4282 1060 4332 lacertis.
