3150 5126
971 440 987 490 Ι

519 531 898 607 ARGONAUTICA.
1179 537 1243 604 283

215 679 367 756 Pectora,
385 695 484 762 quom
501 676 628 764 peperit
642 674 684 740 de
700 697 819 766 magno
835 675 990 742 Alcmena
1000 669 1170 753 Tonante,

216 791 399 881 Liquissent
415 787 562 864 uiduam
575 787 656 854 solis
675 811 778 878 quum
796 787 919 854 lumina
937 784 1056 868 tomas,

215 905 457 996 Torpenu'sque
471 904 582 970 forent
597 905 775 996 gratissima
795 921 941 992 tempora
960 903 1084 983 noctis3

214 1020 411 1110 Tiphynque
429 1019 614 1109 Agniadon,
630 1019 726 1110 longe
743 1019 801 1108 qui
816 1019 915 1087 hares
930 1017 1050 1108 puppis

215 1137 395 1226 Dirigeret,
408 1152 488 1200 tune
506 1157 541 1200 se
557 1157 709 1200 exercens
728 1133 868 1200 confinia
880 1133 972 1214 juxa

215 1251 409 1340 Thespiaca,
423 1265 456 1315 et
470 1251 602 1339 pelago,
620 1265 654 1314 ot
666 1249 798 1314 Teimisi
814 1249 943 1338 navigat
958 1247 1066 1314 undis.

217 1367 326 1432 lehait
343 1365 522 1432 horrisonis
540 1367 696 1453 satisque
715 1364 844 1430 obstare
862 1363 1011 1452 procellis
1208 1381 1248 1421 υἱ

216 1483 362 1562 Doctus,
379 1496 412 1546 et
427 1479 468 1545 ad
481 1495 571 1546 tutos
587 1482 676 1569 Argo
693 1475 870 1568 perducere
887 1491 1012 1566 portus.

218 1598 403 1679 Pollucem,
418 1611 516 1685 atque
532 1596 680 1684 equitum
695 1593 893 1659 domitorem
910 1596 1042 1659 Castora
1062 1595 1147 1658 novi.
1286 1635 1287 1640 κ

216 1711 259 1776 Et
273 1725 323 1793 te,
340 1710 474 1800 Mopse,
491 1709 574 1791 adii,
592 1709 764 1790 Titaresio,
782 1706 949 1797 splendida
966 1707 1058 1773 cuitu

216 1823 397 1890 Chaoniam
414 1825 540 1914 peperit
556 1845 654 1912 quern
671 1824 783 1896 subter
800 1824 956 1914 drogonis
976 1823 1099 1888 alnum.

218 1941 374 2007 Praeterea
387 1939 543 2006 AEaciden
560 1942 719 2005 illustram
732 1941 845 2022 Pelea,
861 1955 959 2028 partu
1209 1960 1245 1998 ¹30

217 2055 371 2146 AEgines,
393 2056 559 2145 Dolopum
579 2056 697 2120 Phthia
713 2057 770 2144 qui
783 2071 896 2144 regnat
911 2057 945 2119 in
960 2055 1052 2120 urbe.
1193 2057 1196 2064 '

217 2170 370 2235 Mercurii
387 2191 541 2260 generosa
558 2171 655 2258 patris
673 2170 733 2240 tria
750 2172 887 2261 pignora
904 2168 989 2234 vidi:

217 2283 421 2365 AEthaliden,
435 2283 495 2348 sibi
511 2306 610 2372 quem
624 2285 762 2374 genitrix
777 2285 853 2349 tulit
864 2285 1055 2372 Eupolemia

217 2398 452 2487 Myrmidonis,
471 2420 590 2463 saxosae
606 2399 666 2464 Alo
709 2422 724 2463 s
742 2401 777 2462 in
794 2400 961 2466 montibus
974 2399 1085 2463 urbis:

217 2513 376 2595 Euriton,
398 2514 630 2603 egregiumque
646 2415 811 2596 Mdhiona,
828 2535 911 2602 quoa
928 2514 989 2578 sibi
1004 2512 1169 2602 quondam
1211 2533 1247 2571 os

218 2627 362 2700 Laothoe
377 2628 493 2692 Mereti
507 2630 620 2718 genuit
634 2618 947 2717 commixta'puclia‚

217 2742 370 2808 Mercurii
387 2741 514 2812 soboles
533 2743 674 2832 Cyllenia
688 2764 788 2832 regna
805 2745 955 2810 tenentis.

216 2856 268 2920 Tu
286 2857 399 2940 simul,
414 2857 584 2938 Actoridc;
601 2873 657 2939 tu,
678 2859 850 2945 Buphage,
869 2872 942 2920 nate
961 2856 1113 2936 corono,

218 2972 361 3060 lphiclus
384 2988 416 3037 et
433 2972 564 3062 Phylaci
585 2971 696 3036 divum
714 2993 817 3062 genus
833 2972 927 3036 affuit
944 2993 1020 3038 una.

217 3088 333 3175 Tuque
352 3089 448 3160 ctiam
467 3087 628 3168 AEneade,
648 3088 837 3176 Phoeboque
855 3089 1033 3168 simillime,
1046 3090 1154 3154 Butes.
1210 3109 1246 3152 140

218 3203 348 3267 Transit
364 3201 559 3267 Abantiades
574 3202 687 3292 Euripi
705 3202 799 3267 litora
818 3203 979 3283 Canthus,

220 3317 327 3399 Quem
346 3319 452 3382 Parcae
466 3317 621 3382 domuere
638 3341 765 3408 gram,
783 3318 965 3407 Libyesque
981 3341 1039 3408 per
1056 3343 1130 3384 arva

219 3433 446 3502 Immemorem
466 3433 589 3498 reditus
608 3456 696 3498 mors
713 3436 905 3523 intempesta
921 3436 1069 3523 peremit.

217 3547 315 3612 Venit
331 3565 364 3613 et
379 3549 511 3614 Alconis
529 3547 650 3638 AEscpo
668 3549 725 3614 abs
743 3571 837 3613 amne
851 3550 1023 3626 Phalerus,

218 3661 397 3750 Gyrtonem
413 3664 525 3730 validis
545 3666 645 3729 muris
663 3665 718 3751 qui
735 3662 881 3730 condidit
900 3664 1027 3729 urbam.
1212 3685 1247 3731 14⁵

218 3775 345 3864 Iphitus
362 3778 423 3842 hos
438 3779 585 3866 sequitur
601 3778 642 3843 de
659 3793 691 3841 te
705 3793 812 3867 patre,
828 3777 969 3860 Nabole,
983 3795 1096 3861 natus,

217 3889 392 3956 Phocensis
411 3895 554 3958 retinens
574 3894 697 3956 turritae
720 3907 844 3980 sceptra
864 3893 1046 3981 Tanagres3

217 4005 469 4097 baudocusque,
486 4011 665 4097 Alausque,
683 4025 715 4074 ot
725 4007 858 4089 Areios,
873 4008 993 4097 inciyta
1009 4010 1137 4097 proies,

217 4121 266 4184 De
284 4121 368 4191 Pero
389 4126 509 4215 geniti,
529 4141 560 4190 et
578 4125 718 4211 praeclari
738 4147 870 4213 germen
889 4124 1042 4204 Abantis;

217 4236 466 4329 lphidamasquo
481 4241 550 4306 Alei
567 4241 657 4304 venit
672 4239 685 4325 <
695 4261 768 4306 nam
787 4240 873 4318 jussa
893 4239 1034 4326 parentis
