3220 5128
522 487 948 554 ARGONAUTARUM.
1198 495 1260 580 397

248 609 476 692 NAUPLlUS,
497 611 638 698 Neptuni
654 625 687 673 et
708 613 912 698 Amymones,
938 611 1037 675 Danai
1055 611 1140 694 filiae,
1161 615 1262 696 filius,

204 717 359 806 Argivus,
389 715 541 783 omnibus
565 731 680 802 praeter
702 714 915 803 Apollodoro,
939 735 1146 784 memoratus.
1170 721 1265 784 Scho-

207 817 312 886 liastes
327 845 405 886 vero
420 821 583 910 Apollonii
607 820 646 885 ad
664 821 719 885 lib.
738 823 771 902 1,
793 845 840 885 vs.
859 821 937 903 133,
957 822 1039 886 duos
1058 825 1156 889 fuisse
1173 827 1267 890 Nuu-

199 927 283 1015 plios
299 926 412 990 tradit:
438 926 526 990 hunc
547 925 646 990 fuisse
666 941 805 990 veterem
822 927 965 1015 Neptuni
978 927 1096 1010 filium,
1113 947 1146 994 et
1163 931 1266 1021 Argo·

206 1049 354 1114 1131113111,
371 1034 469 1097 31111111
483 1056 560 1097 vero
580 1035 702 1114 exejus
719 1034 854 1121 posteris
869 1034 1046 1122 Nauplium
1055 1061 1067 1114 ,·
1086 1053 1119 1100 et
1131 1054 1265 1102 stemma

208 1141 250 1203 ita
276 1138 463 1203 deducitur:
483 1139 666 1226 Amymone
700 1139 813 1225 gennit
835 1139 1010 1227 Nauplium
1032 1144 1268 1228 Argonautam,

208 1246 261 1308 ille
272 1246 434 1326 Proetum,
450 1244 505 1307 ille
518 1245 676 1324 Lernum,
697 1244 750 1307 ille
761 1243 966 1324 Naubolum,
992 1246 1045 1310 ille
1056 1247 1268 1334 Clytonaum,

210 1351 262 1414 ille
282 1349 422 1437 denique
443 1349 618 1438 Nauplium
643 1349 832 1414 secundum.
864 1351 903 1412 Et
926 1335 1053 1414 videtur
1077 1353 1270 1440 Apollonius

210 1479 249 1520 ex
266 1456 363 1536 hujus
381 1455 556 1519 stemmatis
576 1455 771 1520 deductione
791 1455 967 1542 Nauplium
989 1456 1148 1520 minorem
1168 1457 1270 1523 lilium

110 1599 112 1602 ·
212 1562 358 1649 Clytonai
375 1575 513 1624 statuere
525 1560 762 1648 Argonautam,
782 1561 856 1624 licet
872 1583 919 1624 vs.
937 1559 996 1624 138
1014 1561 1189 1648 Nauplium
1209 1586 1272 1628 ma·

209 1666 311 1744 jerem
333 1671 530 1753 Amymones
546 1663 648 1728 filium
671 1664 840 1755 navigandi
861 1665 1090 1753 peritissimum
1109 1683 1271 1748 statuens,

213 1793 287 1835 eum
315 1771 509 1860 Argonautis
536 1792 703 1834 accensere
727 1787 835 1857 posset
860 1769 957 1833 credi.
985 1773 1079 1834 Certe
1105 1771 1272 1861 Orpheus,

214 1899 259 1940 vs.
274 1899 355 1957 aoo,
370 1877 517 1966 Hyginus
537 1875 637 1940 etalii
655 1897 730 1938 eum
749 1876 893 1964 Neptuni
910 1891 942 1939 et
960 1879 1154 1963 Amymones
1171 1877 1272 1942 filium

217 1981 347 2046 iaciunt.
367 1981 553 2046 Hoelulinus
574 1979 613 2043 ad
632 1981 859 2069 Apollonium,
883 1981 940 2044 ubi
961 1979 1112 2046 denariis
1129 1981 1276 2070 Naupliis

217 2089 296 2176 agit,
312 2089 380 2176 ipse
398 2087 569 2152 confundit
585 2103 738 2167 stemma,
765 2103 798 2150 ct
814 2086 957 2150 Proetum
974 2086 1050 2151 facit
1067 2087 1203 2177 Nauplii
1217 2091 1276 2153 mi-

217 2193 305 2257 noris
333 2193 453 2273 filium,
486 2215 588 2279 quum
618 2193 715 2255 fuerit
743 2192 888 2273 majoris,
921 2207 952 2255 et
980 2193 1154 2281 Naupd'um
1183 2212 1276 2282 putat

216 2296 367 2362 eumdem
384 2320 467 2379 esse,
485 2298 640 2385 quiAbus
653 2297 772 2362 dicitur
785 2297 966 2377 Pausaniae,
990 2299 1045 2362 lib.
1063 2299 1111 2379 ll,
1138 2300 1196 2363 16:
1219 2300 1276 2364 sed

218 2405 270 2468 ille
281 2403 424 2468 diversus
434 2403 558 2468 Proetus
571 2405 650 2485 fuit,
669 2405 816 2492 geminus
828 2404 938 2467 Acrisii
950 2403 1059 2484 frater,
1073 2403 1156 2467 filius
1170 2405 1277 2469 Aban·

219 2511 278 2591 tis,
294 2526 328 2574 et
340 2510 490 2600 Argivus;
507 2509 560 2572 hic
573 2532 650 2572 veto
665 2511 804 2590 Proetus,
818 2508 948 2596 Nauplii
962 2507 1065 2590 filius,
1084 2510 1276 2575 Phocensis:

220 2638 294 2679 nam
316 2617 459 2680 Lernurn
477 2631 509 2678 et
528 2615 713 2680 Naubolum
732 2613 831 2678 fuisse
854 2614 1054 2695 Phocenses,
1078 2615 1219 2680 vidimus
1244 2619 1275 2680 in

221 2719 333 2810 ltho.
353 2721 392 2784 Et
407 2721 461 2784 hic
474 2720 631 2808 Nauplius
645 2719 748 2797 major
759 2717 1084 2806 conditor'Naupliae,
1099 2735 1180 2784 teste
1194 2723 1277 2785 Pau·

220 2825 327 2906 sunia,
346 2827 401 2889 lib.
414 2827 464 2906 11,
483 2825 543 2906 38,
564 2841 596 2888 et
606 2825 645 2904 V,
660 2822 719 2905 35,
740 2841 772 2888 et
788 2823 895 2887 Schol:
913 2823 1075 2911 Euripidis
1095 2825 1128 2887 in
1149 2827 1279 2908 Oreste,
1303 2901 1307 2918 ἡ

222 2955 266 2996 vs.
283 2931 341 3012 543
359 2947 391 2996 et
405 2931 575 2995 verisimile
594 2946 658 3010 est,
675 2933 811 2993 Lernam
829 2928 978 3016 paludem
998 2953 1015 2992 a
1042 2931 1161 3011 Lerno,
1179 2931 1276 2996 Proeti

223 3036 299 3118 filio,
312 3036 441 3118 dictam,
454 3054 491 3100 ut
503 3053 537 3100 et
547 3037 587 3100 ab
597 3037 777 3122 Amymone
791 3035 863 3097 lons
876 3057 995 3096 nomen
1007 3035 1039 3097 in
1053 3034 1165 3099 eodem
1177 3053 1281 3104 tractu
1310 3077 1314 3084 ι

225 3160 315 3208 terrae
337 3143 468 3230 accepit.
493 3141 650 3230 Nauplius
675 3141 769 3203 etiam
797 3139 957 3203 familiaris
984 3141 1062 3204 Alco
1086 3142 1164 3216 11111,
1190 3145 1281 3222 cujus

221 3246 313 3327 jussu
330 3247 426 3312 filiam
437 3250 550 3336 Augen
563 3246 739 3310 necandam
756 3247 805 3308 vel
816 3244 1018 3309 vendendam
1035 3245 1182 3328 tradidit,
1202 3265 1290 3320 teste

226 3353 525 3436 Diod0r0,tib.1V‚
550 3376 620 3442 pag.
637 3353 717 3433 166,
743 3367 775 3416 et
787 3351 934 3441 Apollod.
949 3353 1004 3416 lib.
1019 3353 1087 3433 Ill,
1110 3377 1151 3439 9,
1172 3361 1188 3434 §
1207 3379 1234 3436 1,
1252 3373 1284 3419 et

225 3461 322 3548 paulo
339 3461 430 3523 aliter
450 3460 585 3523 Pausan.
599 3459 693 3538 Vlll,
723 3456 797 3535 848.
820 3457 1012 3520 scholiastes
1029 3481 1105 3522 vero
1122 3461 1284 3546 Apollonii

226 3565 266 3630 ad
284 3565 339 3630 lib.
354 3566 409 3648 IV,
430 3586 523 3650 1091,
540 3587 578 3628 ex
594 3563 658 3628 hoc
671 3563 811 3651 Nauplio
827 3563 972 3649 Neptuni
988 3562 1069 3638 filio,
1088 3581 1199 3627 uatum
1217 3589 1285 3630 esse

227 3673 271 3736 ait
287 3674 491 3750 Damastora,
510 3668 695 3757 Pherecyde
707 3649 856 3747 auctore,
868 3691 906 3730 ex
921 3689 960 3730 eo
972 3689 1048 3730 vero
1057 3656 1285 3751 Peristhencn,

228 3776 303 3842 inde
329 3781 481 3859 Castora,
507 3793 539 3840 ct
565 3799 604 3840 ex
629 3798 669 3839 eo
688 3773 914 3853 Androthoen,
936 3789 1070 3836 matrem
1098 3775 1229 3864 Dictyos
1254 3794 1287 3840 et

228 3881 418 3972 Polydecte.
449 3882 509 3946 Hic
534 3881 713 3968 Nauplius,
731 3901 833 3966 quum
857 3877 978 3966 Tiphys
1006 3878 1167 3964 periisset,
1194 3881 1287 3968 petiit

228 3988 306 4076 clavi
322 3981 483 4076 regimen3
499 3985 556 4050 sed
569 3986 718 4074 praelatus
733 3986 795 4048 fuit
810 3985 962 4062 Ancoeus,
979 3998 1059 4046 teste
1072 3985 1220 4069 Apollod.
1238 3987 1287 4067 11,

230 4095 312 4181 898:
326 4117 364 4157 ex
375 4095 478 4157 Flacci
492 4093 665 4170 sententia,
677 4091 827 4178 Erginus,
846 4089 944 4167 liuv,
959 4086 1011 4152 65.
1033 4089 1194 4178 Insignem
1210 4115 1286 4155 vcro

229 4199 327 4264 fuisse
344 4199 411 4278 ejus
435 4196 604 4286 navigandi
624 4195 769 4286 peritiam
789 4210 820 4258 et
840 4193 982 4258 siderum
1000 4191 1187 4275 scientiam,
1213 4195 1289 4268 inde
