3150 5126
495 517 858 648 insonuerint.
1149 582 1210 670 293

190 711 371 777 Centaurus
388 729 497 802 stupet
510 713 686 802 aspiciens,
703 713 885 800 feriensque
901 728 1079 776 trementes
1173 731 1212 776 us

192 824 233 888 ln
252 848 322 891 sese
340 827 410 916 ipse
428 850 542 892 manus
562 819 680 894 tertam
695 827 778 918 pede
794 827 900 916 pulsat
918 827 1050 915 equino.

235 939 299 1004 Sed
317 942 406 1006 venit
423 965 441 1006 a
460 943 562 1030 puppi
577 940 718 1030 Tiphys,¹
736 941 928 1030 Minyasque
952 957 1084 1030 repente

190 1055 331 1143 Imperio
349 1057 455 1146 cogit,
478 1072 591 1122 cantus
608 1080 669 1148 ego
686 1055 803 1122 deinde
819 1057 937 1124 remisi.

190 1169 402 1260 Consurgunt
418 1194 587 1260 proceres,
602 1194 661 1238 sua
675 1171 823 1260 quisquis
840 1188 873 1236 et
888 1171 995 1236 induit
1011 1161 1109 1237 artua.

198 1282 263 1348 Sed
278 1300 391 1350 natum
405 1285 521 1351 Peleus
535 1287 646 1376 patriis
663 1285 849 1377 complexus
866 1287 900 1349 in
916 1287 1002 1350 ulnis
1178 1305 1217 1350 uo

194 1513 310 1580 Arrisit
329 1514 528 1602 lacrymans3
544 1513 689 1604 gaudens
704 1515 830 1603 excepit
842 1513 990 1579 Achilles.

193 1632 267 1718 lpse
283 1628 349 1693 suis
362 1629 477 1717 pellem
494 1629 645 1692 manibus
664 1631 847 1694 Centaurus
867 1629 1032 1694 honorans

193 1742 329 1832 Hospita
344 1742 430 1808 dona
450 1741 540 1808 dedit
557 1743 648 1832 pardi
665 1743 745 1808 mihi
763 1765 882 1808 munus
898 1742 1027 1808 habere.

190 1861 251 1924 Ast
268 1856 326 1921 ubi
346 1857 497 1945 spelunca
514 1855 718 1922 discessimus
738 1857 814 1922 inde
830 1857 958 1940 relicta,

193 1970 347 2036 Extendit
365 1971 474 2036 senior
494 1971 611 2035 tumuli
630 1969 671 2035 de
688 1971 807 2036 vertice
827 1987 981 2060 utrasque
1180 1987 1219 2035 us

194 2084 387 2175 Phyllirides
410 2087 444 2150 in
463 2101 537 2150 vota
556 2108 692 2165 manus,
715 2107 915 2174 superosque
937 2103 1086 2174 precatur

198 2203 287 2266 Dent
311 2199 450 2264 reditum
473 2200 613 2289 Minyis3
635 2200 742 2265 veniat
758 2223 890 2289 quoque
906 2200 1036 2292 regibus
1053 2216 1122 2266 orat

197 2313 309 2380 Gloria
327 2313 539 2404 magnanimis
561 2313 668 2378 tardos
683 2314 790 2378 visura
809 2331 953 2404 nepotes.

240 2429 326 2519 Ergo
338 2429 395 2493 ubi
408 2429 474 2509 jam
489 2427 529 2492 ad
546 2450 659 2492 narem
675 2445 707 2493 et
722 2429 797 2494 litus
811 2428 1037 2494 descendimus
1051 2451 1181 2506 omnes,

197 2542 380 2608 Consedere
394 2542 462 2607 suis
479 2542 513 2604 in
531 2542 676 2606 transtris
691 2542 847 2630 quisque,
865 2566 1044 2633 manusque
1178 2561 1218 2606 tto

196 2657 348 2745 Impliciti
365 2655 476 2721 validis
492 2655 665 2744 pulsabant
682 2679 810 2744 oequora
828 2659 937 2723 remis.

197 2771 309 2836 Pelion
329 2793 368 2836 cx
386 2771 488 2834 oculis
503 2770 586 2852 abit,
612 2786 646 2834 et
662 2771 709 2834 ris
729 2791 861 2860 spumea
878 2788 970 2836 vasto

198 2885 369 2950 Exsultans
384 2885 498 2976 pelago
520 2900 670 2950 canentes
687 2883 806 2949 fecerat
820 2861 934 2950 undas.

198 3001 320 3064 Pisaeus
334 2999 429 3080 latet,
452 3015 484 3064 et
500 3014 574 3081 tua,
589 2998 702 3087 Sepia,
717 2999 825 3080 litora,
842 3016 961 3065 vertex.

200 3117 286 3178 Ante
302 3113 413 3177 oculos
425 3111 570 3176 Sciathos
581 3111 731 3193 veniunt,
745 3111 944 3202 Dolopisque
956 3116 1150 3202 sepulcrum,
1182 3137 1220 3182 us

200 3228 297 3293 Plana
313 3249 444 3315 quoque
459 3225 651 3306 Anchialos,
668 3242 701 3290 et
716 3227 807 3314 aquis
825 3229 991 3316 praesalsus
1004 3229 1164 3314 Enaulus,

201 3343 269 3428 Qui
284 3341 396 3430 rapido
413 3341 506 3406 vastis
523 3339 694 3430 strepitum
709 3339 764 3406 dat
778 3339 911 3406 flumine
928 3344 1029 3408 terris.

202 3457 403 3520 Praetereunt
417 3455 513 3519 valles
528 3454 647 3541 Minyas
665 3476 797 3542 quoque
813 3457 933 3519 montis
950 3457 1079 3546 Olympi

207 3569 332 3634 Excelsi
350 3568 532 3649 obstrusas,
549 3581 582 3632 et
596 3565 705 3631 Athon
724 3589 800 3632 cum
814 3566 985 3633 frondibus
998 3569 1090 3651 altis‚‚

203 3683 355 3748 Pellenen
372 3683 488 3764 latam,
506 3699 635 3745 necnon
652 3679 738 3744 diam
752 3681 992 3746 Samothracen.
1185 3703 1222 3746 aa

194 3799 288 3862 'Hinc
304 3820 437 3886 quoque
455 3798 581 3862 mortali
600 3797 679 3862 nulli
696 3795 833 3861 dicenda
848 3795 983 3860 deorum

205 3913 299 3977 Sacra
322 3911 403 3976 meis
423 3910 539 3974 moniti
556 3909 760 3976 sermonibus
777 3908 907 3974 horrida
927 3911 1028 3974 ritant

207 4025 349 4107 Heroes3
364 4024 452 4089 illinc
471 4046 611 4111 namque
628 4023 807 4087 insatiabile
822 4022 950 4086 lucrum

207 4141 316 4205 lucola
333 4139 373 4202 de
390 4139 496 4206 nautis
514 4163 678 4204 sacrorum
695 4137 834 4203 vindicat
850 4161 923 4201 usu.

209 4254 289 4318 lude
306 4252 347 4316 ad
364 4255 560 4341 compositos
579 4255 687 4318 vultus
706 4252 895 4342 appellimus
914 4253 998 4340 Argo
1190 4273 1227 4318 ns
