3150 5126
462 525 894 595 ARGONAU'I'AIIUM.
1142 531 1205 598 333

143 659 337 714 mutamus.
357 643 484 708 Actottl
499 667 597 728 voro,
626 644 750 734 dequo
769 643 868 712 modo
893 649 1034 737 egimus,
1053 649 1133 730 nulli
1149 651 1205 716 lilii

142 763 342 832 oomnunt,
361 748 422 816 niti
436 752 568 816 Gtaatus
585 767 619 816 et
641 752 800 842 Eutyttu,
818 773 901 841 quot
922 763 1036 818 omnes
1051 755 1119 820 fere
1133 757 1207 845 llly-

144 856 274 946 thologi
294 871 489 946 agnoscuuty
505 855 571 922 vid.
588 855 735 946 Apollod.
757 857 808 940 II,
823 879 893 946 cap.
905 857 944 938 6,
970 868 1037 942 sn,
1054 876 1088 926 et
1110 861 1206 926 ovid.

143 965 227 1032 Met.
241 961 336 1044 VIII,
353 959 437 1048 387,
453 977 486 1026 et
502 962 559 1050 qui
578 961 766 1028 Molt'om‘doe
782 963 878 1028 etiam
896 963 992 1046 dicti3
1009 963 1082 1030 vide
1104 967 1206 1033 Petit.

143 1071 191 1138 ad
207 1069 325 1136 AElitm
335 1069 392 1151 IV,
405 1067 444 1150 ὅ,
460 1084 493 1134 ct
503 1069 611 1134 Schol.
623 1068 753 1134 Pindon.
769 1071 877 1159 Olym.
885 1073 934 1154 x,
952 1071 1004 1136 30.
1018 1071 1081 1137 Sed
1093 1095 1207 1138 eorum

142 1191 265 1242 neuter
279 1174 356 1239 huic
373 1172 493 1240 militie
510 1197 630 1239 nomen
647 1173 746 1241 dedit.
758 1174 878 1242 Praeter
892 1175 953 1240 hot
969 1178 1064 1242 etiam
1077 1179 1204 1242 Actoris

144 1279 253 1346 lilium
268 1279 409 1344 vidimus
426 1277 525 1344 modo
536 1279 734 1360 Sectam
750 1278 867 1346 sedille
880 1304 944 1361 Jam
959 1281 1119 1348 occiderat
1132 1299 1206 1348 ante

144 1387 236 1452 hanc
251 1383 500 1474 expeditionem.
514 1384 674 1473 Eurytion
692 1385 1091 1471 etiam,Meuoetiifrate1-,
1107 1392 1206 1453 Acto-

146 1493 196 1557 ris
222 1489 285 1556 fuit
302 1487 386 1556 lilius
411 1489 536 1577 (Schol.
553 1489 656 1578 Apoll.
673 1491 706 1573 I,
725 1489 798 1579 71);
817 1490 874 1556 sed
895 1492 947 1556 ille
960 1493 1058 1557 otiam
1073 1493 1206 1558 seorsim

146 1595 280 1662 Valetio
298 1609 497 1662 memoratur
509 1597 543 1677 I,
559 1593 642 1682 ³78,
660 1593 749 1660 etde
765 1610 930 1684 tto-postea
947 1619 1093 1688 agemuo3
1109 1620 1209 1685 quare

147 1699 242 1788 apud
257 1699 388 1790 Orpheo
405 1721 472 1764 non
488 1699 707 1788 patronymica
724 1699 828 1764 torma
839 1701 1001 1766 Actonlies
1015 1703 1206 1793 capiendus,

148 1805 212 1872 aed
229 1819 268 1869 ut
281 1825 401 1870 nomen
417 1805 603 1894 proprium,
622 1825 720 1893 quent
735 1803 824 1870 unde
836 1804 986 1872 habuerit
1003 1829 1063 1872 nos
1079 1809 1208 1896 ignota·

90 1909 93 1915 “
151 1932 240 1975 mut.
252 1909 361 1976 Simile
377 1929 497 1973 nomon
513 1931 590 1974 mox
603 1925 767 1991 occurret,
785 1909 974 1976 AEtlmltdcs.

200 2123 432 2190 Antoniou.
451 2125 547 2188 IIunc
564 2124 598 2186 iu
613 2122 800 2214 Gatalcgum
820 2124 918 2190 nolent
934 2125 1069 2192 Carrion
1094 2149 1132 2190 ex
1148 2127 1211 2188 Or·

154 2229 264 2318 plico,
280 2230 336 2318 qui
351 2249 447 2294 versu
468 2251 553 2316 177:

315 2413 390 2478 mut·
404 2418 432 2474 δ’
443 2413 564 2492 laceto
576 2411 630 2477 [λου
644 2423 704 2483 παῖε
717 2413 874 2492 laeuum·
975 2415 978 2424 ’

156 2608 224 2676 Ubi
240 2607 518 2674 Ecochcnbachiut
532 2623 619 2672 recte
633 2605 766 2696 quidem
780 2605 962 2694 emendavit
983 2609 1035 2689 lpoc
1047 2623 1121 2692 παῖς,
1140 2633 1213 2678 nam

159 2715 285 2780 Actoris
294 2713 350 2780 lilii
358 2733 450 2780 erant
457 2714 629 2780 Menoetius
643 2731 676 2780 ct
688 2717 759 2780 lrus
771 2711 835 2800 (t);
846 2711 934 2779 uude
949 2732 1080 2802 apparet
1093 2716 1214 2796 Ᾰκτορίυν

160 2841 231 2888 esee
243 2820 517 2909 patronymicum,
541 2837 573 2884 et
589 2819 675 2885 idem
689 2840 776 2900 osso,
795 2817 885 2905 quod
901 2819 1057 2901 iaculum
1072 2820 1128 2883 sed
1147 2842 1213 2886 non

159 2925 400 3008 animadvertit,
418 2926 613 2994 inconcinne
628 2925 691 2992 dici
716 2926 890 2990 Actoriona
911 2945 980 2989 este
999 2921 1099 2988 filium
1120 2926 1217 2992 Acto-

160 3032 278 3110 νὼηίες
293 3031 384 3119 quusi
399 3030 524 3098 luderet
548 3031 646 3110 Poeta
674 3031 708 3098 iu
738 3029 859 3119 duplici
873 3029 960 3097 vocis
983 3029 1053 3110 ejus
1078 3052 1159 3114 utu,
1179 3045 1216 3096 ut

161 3135 269 3223 primo
292 3134 367 3200 loco
389 3151 473 3200 esset
496 3156 615 3200 nomen
632 3134 821 3224 proprium,
839 3134 938 3198 altero
965 3150 1048 3199 esset
1061 3151 1217 3224 patrony-

161 3239 294 3306 micum.
310 3239 428 3305 IIIuetr.
446 3241 659 3330 Spanhemiue
683 3239 724 3304 ad
742 3239 865 3303 Callim.
881 3239 915 3301 in
932 3239 1039 3306 Ceret.
1057 3263 1138 3304 vere.
1158 3241 1217 3328 78,

161 3343 221 3409 ubi
234 3361 431 3410 memoratur
445 3344 586 3434 Polyxo,
604 3359 707 3410 mator
724 3343 925 3420 Actorionis,
943 3343 1033 3409 hunc
1050 3346 1219 3436 Argonau-

162 3465 228 3516 tam
257 3449 391 3542 intelligi
405 3449 527 3526 credit,
544 3472 640 3540 quem
657 3467 764 3515 tamen
790 3449 829 3514 ab
847 3449 975 3543 Hygino
993 3467 1026 3516 et
1045 3451 1218 3539 Apollonio

161 3577 231 3620 nou
240 3553 285 3619 Iri
294 3553 411 3639 filium,
423 3553 480 3620 sed
489 3553 624 3644 Hippasi
634 3553 697 3618 dici
707 3568 798 3618 notat
808 3579 817 3636 ;
829 3553 1033 3619 confundens
1044 3556 1218 3620 Actonoua

162 3683 238 3727 cum
253 3662 389 3744 Actorc,
416 3659 457 3725 de
471 3665 538 3752 qu'o
554 3661 689 3750 egimus.
705 3657 827 3724 Verum
850 3681 910 3750 ego
925 3676 1006 3748 puto
1028 3662 1136 3726 locum
1157 3663 1219 3726 Or·

161 3765 240 3858 phei
250 3781 458 3857 corruptum,
473 3780 506 3830 et
516 3765 593 3854 quia
606 3764 658 3828 ille
671 3763 755 3828 inter
770 3761 970 3852 Argonautas
984 3788 1051 3830 non
1065 3783 1219 3832 memorat

162 3872 342 3958 &aarum
350 3921 360 3954 ,
377 3893 475 3961 quem
490 3871 543 3934 alii
557 3885 742 3950 recensent,
757 3867 930 3959 legendum
947 3888 1046 3962 puto:

301 4056 378 4122 Itu·
394 4063 421 4120 δ’
433 4067 552 4140 Εὐρυτίων
572 4056 624 4137 Ipoc
643 4067 702 4126 παῖς
719 4056 877 4135 Ᾰκτορίυνος.

199 4279 238 4344 (ι)
256 4273 320 4329 vid.
334 4275 431 4329 Antan.
443 4272 556 4328 uteru.
569 4291 595 4346 p.
612 4273 661 4338 2⁵4
675 4291 729 4346 aeq.
742 4271 831 4345 ibique
843 4277 952 4329 Vertat.
964 4275 1050 4328 Ilum..
