3220 5128
269 607 273 626 ι
475 515 890 592 altGoNAU'ra‘nUM.
1155 527 1217 615 373

150 647 290 736 petierit,
308 669 414 734 neque
428 646 523 710 etiam
541 667 580 710 ex
594 647 646 710 illa
663 645 842 736 quidquam
855 648 982 712 desumi
994 663 1116 736 potest,
1131 649 1219 714 unde

24 745 25 766 ³
151 753 313 842 Euphemi
328 753 488 816 efficiatur
503 753 625 841 imago,
642 775 744 840 quum
764 755 812 818 vel
829 755 984 843 Neptuno
1001 755 1078 843 ipsi,
1088 754 1140 819 vel
1154 755 1220 818 cui·

152 881 293 946 cumque
319 857 465 946 Neptuni
495 855 581 939 filio,
608 856 722 922 eodem
747 859 820 938 jure
845 858 1083 924 accommodari
1109 861 1219 948 possit.

150 965 345 1054 Euphemiam
361 985 439 1028 vero
458 964 500 1028 ita
519 961 690 1052 effingere,
714 966 807 1028 utin
830 966 949 1055 piscem
973 964 1115 1047 desinat,
1138 966 1218 1029 mihi

150 1071 341 1136 indecorum
356 1068 494 1152 videtur,
512 1085 545 1132 et
559 1070 747 1154 Tritonem,
765 1071 942 1152 Glaucum,
959 1088 1016 1136 aut
1034 1071 1133 1136 aliurn
1151 1094 1220 1135 ma·

24 1231 25 1244 ,
151 1179 260 1242 riuum
277 1177 376 1241 deum
389 1177 451 1241 hac
464 1177 568 1240 forma
583 1178 762 1266 exprimere
775 1180 876 1267 magis
889 1179 1001 1242 solitos
1014 1175 1218 1243 crediderim.

150 1283 352 1372 Euphemiam
373 1281 529 1370 Eurybati
556 1281 691 1362 alicujus
720 1299 844 1371 patrem
871 1283 971 1346 modo
996 1283 1030 1346 in
1056 1283 1220 1370 Eurybato

150 1387 309 1469 vidimus,
324 1387 418 1452 nobis
435 1407 501 1449 non
520 1387 651 1451 aliunde
669 1405 796 1452 notum.
816 1473 819 1484 ⁴

189 1621 434 1702 EURYALUS,
454 1621 595 1684 Mecistei
615 1619 707 1683 lilius.
726 1621 824 1684 Hunc
840 1620 928 1683 solus
945 1621 1030 1682 iuter
1047 1621 1219 1708 Argonau-

78 1747 81 1752 “
151 1745 199 1793 tas
216 1745 366 1792 numerat
384 1724 620 1816 Apollodorus,
638 1727 760 1790 caeteris
776 1725 946 1790 indictum.
961 1725 1127 1790 Mecistcus
1142 1747 1219 1790 vero

151 1833 214 1898 fuit
229 1832 314 1898 filius
332 1831 428 1896 Talai
444 1848 476 1896 et
495 1831 695 1918 Lysimachen
704 1881 715 1914 ,
733 1831 867 1896 Abantis
883 1829 966 1895 liliae.
986 1831 1106 1897 Talaus
1124 1833 1221 1897 Brian-

151 1942 206 2020 tis,
227 1954 260 2003 et
274 1937 327 2002 ille
343 1937 566 2024 Amythaonis,
591 1937 647 2025 qui
673 1935 813 2017 Crethei,
834 1934 877 2000 ita
899 1952 937 1998 ut
957 1937 1055 2000 luerit
1079 1961 1118 2002 ex
1141 1940 1220 2002 Cre·

152 2042 286 2126 theidis,
304 2043 392 2106 unde
410 2061 443 2107 et
459 2045 580 2124 Jason;
604 2021 660 2106 sed
679 2042 731 2106 ille
753 2043 788 2105 in
812 2057 958 2131 tempora
982 2042 1220 2131 aliquantulum

152 2149 271 2213 seriora
298 2145 433 2229 incidit;
459 2163 595 2210 namet
619 2145 773 2210 adversus
795 2146 926 2228 Trojaan
953 2147 1117 2237 navigasse
1144 2148 1222 2214 dicit

88 2251 93 2266 '
152 2251 389 2343 Apollodorus,
414 2251 470 2317 lib.
491 2255 524 2329 Ι,
550 2274 676 2341 capp,
703 2251 795 2334 513,
819 2268 852 2316 et
867 2251 1061 2334 Pausanias,
1085 2255 1134 2337 ΙΙ,
1157 2255 1220 2338 30,

152 2383 227 2424 curn
248 2357 406 2423 Diomede
425 2358 517 2422 illurn
535 2358 670 2448 Argivos
691 2356 731 2425 ad
746 2359 876 2439 Trojam
892 2356 1022 2423 duxisse
1037 2361 1082 2424 ait
1102 2384 1142 2424 ex
1158 2361 1239 2425 llo,

152 2465 232 2530 meri
249 2461 340 2528 Iliad.
358 2465 406 2546 ΙΙ,
423 2484 469 2528 vs.
482 2463 562 2543 564,
574 2465 721 2550 quamuis
737 2464 790 2527 ille
806 2478 915 2551 posset
929 2464 1020 2544 alter,
1037 2483 1070 2528 et
1083 2465 1168 2530 forte
1182 2487 1221 2531 ex

152 2573 221 2652 ejus
248 2571 402 2658 posteris,
428 2570 547 2635 fuisse:
578 2593 652 2634 nam
682 2586 714 2634 et
743 2570 857 2634 fratres
882 2569 1026 2649 ejusdem
1054 2571 1219 2655 Macistei,

152 2675 307 2744 Adrastus
332 2691 366 2740 et
390 2675 662 2764 Parthenopaeus,
691 2677 747 2763 qui
772 2676 835 2739 fuit
858 2677 943 2738 inter
967 2693 1089 2764 septem
1120 2674 1220 2743 duces
1354 2701 1356 2706 ’

152 2799 265 2848 contra
289 2781 416 2846 Thebas
442 2782 660 2869 (quamquam
689 2780 958 2869 Parthenopaeum
983 2781 1219 2870 Apollodorus,

152 2887 207 2952 lib.
220 2888 268 2969 11,
287 2909 356 2975 cap.
371 2887 408 2968 6,
424 2897 439 2964 ς
452 2885 482 2967 3,
497 2887 592 2950 saciat
609 2886 803 2950 Melanionis
819 2885 920 2950 lilium
931 2911 940 2968 ;
953 2884 1010 2950 sed
1025 2887 1159 2952 Pausan.
1169 2890 1219 2971 ΙΙ,
1319 2931 1323 2936 -

154 3016 213 3073 ao,
230 3007 264 3058 et
277 2993 341 3074 IX,
357 2991 411 3076 18,
424 2993 539 3080 Talai),
554 3010 587 3056 et
600 3015 693 3056 soror
709 2991 879 3081 Eriphyle,
892 3009 995 3080 nupta
1011 2993 1221 3082 Amphiarao,

153 3100 209 3188 qui
227 3098 332 3165 eidern
354 3099 440 3164 hello
459 3099 617 3164 interfuit.
641 3099 751 3182 Quare
766 3099 792 3162 si
811 3116 921 3164 noster
938 3100 1000 3164 luit
1017 3099 1099 3164 lilius
1120 3102 1221 3166 Meci·

152 3206 228 3288 stei,
242 3205 339 3270 simul
352 3224 453 3293 nepos
470 3228 545 3269 curn
558 3227 618 3269 avo
629 3205 727 3268 Talao
738 3219 771 3268 et
784 3204 916 3268 duobus
931 3206 1100 3270 avunculis
1116 3208 1218 3287 majo·

152 3311 259 3393 ribus,
277 3311 374 3376 Areio
389 3328 423 3376 et
440 3309 611 3395 Leodoco,
636 3311 835 3375 interfuisset
855 3311 933 3375 huic
953 3311 1169 3400 expeditioni5
1189 3331 1222 3378 et

151 3431 226 3506 post
241 3415 377 3496 Trojana
396 3432 542 3505 tempora
560 3415 675 3480 vixisse
690 3415 780 3480 hunc
797 3415 905 3480 adhuc
921 3413 1116 3501 Euryalen,
1133 3435 1221 3507 patet

152 3545 190 3586 ex
212 3521 417 3601 Pansamll,
438 3520 494 3602 18,
516 3521 543 3584 si
567 3520 754 3586 conferatur
776 3543 855 3586 curu
875 3543 944 3609 cap.
973 3521 1038 3586 30:
1067 3545 1142 3588 nam
1167 3524 1221 3590 ille

152 3642 246 3693 tutor
258 3627 416 3716 Cyanippi
430 3627 509 3708 fuit,
522 3627 577 3714 qui
590 3649 609 3690 a
622 3627 744 3707 Biante,
757 3626 970 3714 Amythaonis
984 3626 1062 3710 lilio,
1075 3631 1222 3718 quinque

152 3741 261 3798 ae'tates
277 3731 427 3798 distabat.
442 3731 549 3796 Alium
560 3731 740 3818 Euryalum
752 3731 898 3819 Neptuni
914 3746 948 3795 et
964 3733 1102 3820 Euippes
1120 3734 1221 3802 lilium
1320 3741 1323 3750 '

153 3853 314 3901 memorat
330 3835 537 3917 Parthenius,
552 3827 671 3900 Erotio.
692 3835 730 3917 3,
754 3832 810 3932 sed
832 3850 865 3899 et
882 3833 935 3900 ille
950 3851 1097 3923 tempore
1113 3856 1223 3926 poste·

151 3943 231 4006 rior.
251 3941 470 4030 Apollodorus
488 3942 584 4006 etiarn
601 3941 684 4006 libro
701 3942 765 4024 111,
782 3962 851 4028 cap.
870 3963 902 4028 7,
920 3949 936 4016 ς
950 3964 986 4024 2,
1001 3941 1087 4005 inter
1100 3943 1221 4034 Epigo-

154 4071 215 4112 nos
232 4063 378 4112 recenset
396 4047 607 4135 Empylum,
625 4047 776 4112 Mecestei
792 4045 914 4128 filium,
932 4045 988 4110 uhi
1003 4063 1089 4110 certe
1100 4049 1225 4135 Eurya-

153 4153 221 4220 lum
239 4155 346 4244 legere
361 4169 508 4243 praestat,
522 4171 560 4219 ut
577 4154 662 4220 idem
679 4153 765 4217 inter
776 4153 942 4242 Epigonos
957 4169 989 4216 et
1000 4153 1131 4233 Trojanl
1148 4156 1226 4221 belli

154 4259 257 4326 duces
279 4275 476 4324 memoratus
496 4259 613 4338 fuerit3
637 4256 748 4322 itidem
769 4273 805 4322 ut
828 4257 1019 4332 Diomedes,
1043 4263 1095 4322 rui
1118 4261 1226 4352 jungit
