3150 5126
377 539 442 617 348
753 537 1051 606 CATALOGUS

421 659 562 724 ARGUS
581 660 671 741 alter,
689 660 808 750 Phryxi
824 679 857 728 et
874 661 1076 750 Chalciopes,
1092 658 1163 724 iiiiae
1177 658 1296 740 AEetae,
1312 661 1428 723 sororis

375 764 515 846 Medeae,
534 763 635 848 filius,
652 789 749 854 quem
765 766 985 837 confuderunt
1001 767 1093 830 multi
1115 787 1190 830 cum
1206 765 1313 854 priore
1335 767 1428 854 Argo.

377 869 607 960 Apollodorus,
623 870 678 936 lib.
694 874 729 954 1,
744 895 812 961 cap.
826 895 866 959 9,
881 879 899 954 s
919 873 970 954 16,
987 871 1107 962 Phryxi
1126 869 1226 935 filium
1243 871 1318 934 facit
1334 869 1429 934 fabri-

376 991 516 1041 catorem
539 975 650 1056 navis,
677 993 709 1042 et
728 977 929 1068 Pherecydes
951 977 1039 1065 apud
1056 976 1163 1041 Schoi.
1187 975 1430 1064 Apollon.1,4,

376 1081 409 1144 in
426 1080 536 1146 eadem
559 1081 620 1144 fuit
635 1082 813 1164 sententia3
836 1081 922 1148 idem
939 1083 1025 1146 inter
1047 1081 1240 1146 recentiores
1261 1081 1431 1169 scriptores

376 1185 452 1250 iecit
465 1185 515 1249 vir
537 1183 742 1251 doctissunus
755 1187 871 1252 Frons.
889 1187 1081 1252 Bthnclu'nus
1101 1187 1133 1250 in
1152 1187 1272 1251 Histor.
1286 1187 1430 1250 Univers.

377 1290 497 1355 Decad.
516 1291 582 1372 111,
599 1313 670 1380 prg.
683 1289 755 1378 375.
770 1290 834 1357 Hic
850 1292 980 1358 accessit
996 1313 1072 1356 oum
1085 1290 1235 1356 fratribus
1250 1291 1317 1355 suis
1329 1295 1431 1380 Argo-

377 1393 482 1458 nautis
496 1393 643 1458 ininsula
655 1393 732 1476 Dia,
746 1409 784 1460 ut
793 1394 942 1484 Hyginus
958 1393 1084 1477 scribit,
1098 1393 1188 1482 quod
1200 1394 1253 1458 vix
1263 1394 1432 1458 verisimile

377 1498 513 1580 videtur,
531 1521 634 1588 quum
644 1499 695 1562 illa
711 1501 745 1564 in
756 1499 954 1590 mariAEgaeo
969 1501 1030 1564 sita
1042 1499 1098 1582 sit,
1111 1499 1233 1587 diuque
1245 1499 1312 1580 jam
1329 1501 1431 1589 Argo·

377 1621 482 1669 nauto
495 1605 637 1669 Pontum
651 1604 815 1669 Euxinum
835 1604 1055 1682 intravissent,
1074 1605 1135 1670 nisi
1150 1604 1192 1668 sit
1206 1603 1266 1668 aiia
1282 1604 1387 1668 insula
1400 1605 1431 1668 in

374 1710 480 1774 Ponto
488 1710 616 1774 Euxino
627 1707 841 1798 intelligenda.
851 1709 1144 1790 ValeriusFlaccus,
1152 1708 1208 1774 lib.
1219 1709 1259 1789 V,
1270 1731 1352 1772 vers.
1359 1710 1431 1790 461,

374 1815 523 1880 Jasonem
536 1815 605 1878 iilos
621 1813 779 1878 invenisse
790 1813 823 1877 in
834 1815 900 1903 ipsa
913 1813 1077 1890 Colchide,
1092 1829 1123 1878 et
1132 1815 1204 1878 aula
1213 1813 1316 1878 AEetae
1328 1813 1431 1894 tradit,-

375 1920 459 1984 etita
472 1921 537 1985 fere
548 1920 716 2008 Orpheus,
726 1941 808 1985 vers.
823 1921 897 1986 858.
910 1920 1101 1984 Scholiastes
1111 1914 1259 2008 Apolloni
1273 1918 1316 1982 ad
1326 1919 1381 1984 lib.
1392 1920 1431 2000 tt,

376 2023 440 2102 384
455 2039 488 2088 et
500 2025 582 2111 309,
606 2024 699 2106 dicit,
715 2025 915 2114 Argonautas
933 2024 1003 2089 ilios
1022 2025 1180 2089 invenisse
1200 2024 1355 2088 ininsula
1376 2023 1432 2088 de·

376 2143 476 2210 serta,
491 2152 586 2216 quam
602 2129 756 2194 Aretiada
768 2145 913 2194 vocatam
927 2129 991 2211 ait,
1006 2131 1039 2193 in
1058 2153 1123 2219 qua
1136 2145 1226 2194 erant
1239 2151 1312 2194 aves
1326 2131 1432 2217 Stym-

377 2232 537 2321 phalides,
561 2249 594 2298 et
616 2236 772 2324 templum
789 2235 917 2316 Martis,
935 2234 976 2299 ab
995 2237 1197 2298 Amazonum
1225 2234 1337 2322 regina
1354 2257 1432 2297 con·

378 2355 556 2422 structam3
579 2357 611 2404 et
633 2341 701 2430 ipse
725 2341 841 2421 Poeta,
860 2363 941 2404 vers.
962 2339 1062 2422 1125,
1092 2339 1150 2402 uhi
1172 2341 1372 2428 Argonautas
1393 2338 1432 2402 ad

376 2465 446 2508 eam
463 2445 599 2508 insulam
611 2445 776 2533 perduxit,
789 2447 910 2534 Argum
928 2444 1052 2509 inducit
1067 2467 1142 2509 cum
1156 2445 1353 2532 Argonautis
1368 2445 1432 2508 ooi·

376 2548 580 2636 loquentem3
593 2551 649 2614 uhi
661 2551 754 2615 etiam
770 2551 959 2615 scholiastes
972 2548 1050 2614 dicit
1061 2547 1143 2614 filios
1154 2549 1272 2638 Phryxi
1283 2567 1432 2637 quatuor,

376 2653 417 2718 ab
435 2655 502 2720 aliis
523 2656 668 2745 quinque
685 2656 798 2732 statui,
815 2670 848 2720 et
864 2656 1047 2720 Acusiiaum
1068 2672 1100 2718 et
1120 2654 1298 2719 Hesiodum
1320 2678 1431 2718 eorum

376 2775 511 2825 matrem
527 2783 593 2825 non
610 2759 821 2850 Chalciopen,
839 2759 896 2824 sed
917 2760 1124 2848 lophossam,
1142 2759 1237 2824 filiam
1250 2759 1367 2842 AEetae,
1386 2763 1432 2822 ia·

376 2886 458 2930 cere.
485 2867 532 2930 Ex
553 2866 671 2954 quibus
690 2865 828 2930 inducor
849 2867 916 2930 fere
938 2883 994 2946 ut,
1022 2865 1108 2952 apud
1129 2865 1292 2954 Hyginum
1312 2887 1430 2928 nomen

378 2969 488 3033 insulse
504 2987 692 3058 corruptum
708 2993 792 3052 esse,
805 2987 837 3035 et
848 2993 908 3060 pro
920 2971 1000 3052 Dio,
1015 2970 1166 3036 Amtiade
1178 2967 1348 3058 legendum
1361 2992 1431 3032 esse

377 3073 514 3137 credam.
529 3075 618 3138 Dicta
629 3099 705 3139 vero
715 3077 821 3156 Ᾰρητίας
838 3077 933 3139 suita
948 3075 1062 3157 Marte,
1074 3076 1148 3163 quia
1164 3075 1204 3138 ab
1218 3077 1331 3139 Otrera
1342 3076 1432 3138 Ama·

376 3198 495 3240 aonum
514 3179 643 3266 regina,
659 3179 769 3244 Martis
788 3178 869 3262 filia,
891 3181 952 3244 fuit
972 3180 1111 3245 condita.
1133 3180 1193 3244 Hic
1210 3203 1309 3268 porro
1328 3183 1431 3268 Argus

377 3277 655 3364 duxitPcrt'meleu,
667 3285 795 3348 Admeti
808 3285 902 3348 filiam
911 3333 920 3366 ,
930 3308 968 3349 ex
982 3308 1043 3374 qua
1059 3285 1238 3372 Magnetem
1251 3285 1337 3366 tulit,
1347 3281 1429 3346 unde

377 3385 538 3472 Magnesia
553 3388 586 3450 in
601 3388 760 3452 Thessalia
773 3388 873 3472 dicta3
889 3390 1047 3478 Magnetis
1059 3389 1143 3453 iilius
1155 3411 1232 3453 vero
1244 3389 1308 3453 fuit
1320 3388 1428 3472 Iiyme-

376 3509 488 3570 noeus;
516 3491 587 3555 vide
611 3495 766 3558 Antonini
789 3495 922 3560 Liberal.
938 3495 1069 3560 Metam.
1084 3518 1154 3584 cap.
1174 3493 1216 3558 23
1245 3493 1336 3583 (pag.
1355 3490 1427 3571 150,

378 3593 488 3682 ibique
506 3597 541 3658 V
537 3597 659 3682 erhtyk.
677 3597 799 3686 Hans.)

420 3815 653 3900 ARMENIUS,
670 3819 758 3882 unde
771 3820 923 3883 Armenio
935 3820 1030 3886 dicta.
1054 3819 1179 3885 Jasonis
1195 3840 1304 3883 comes
1320 3819 1352 3881 in
1371 3815 1424 3878 mi·

376 3917 475 3982 litiam
493 3921 674 3987 Colchicam
691 3924 810 3988 dicitur
827 3948 844 3988 a
860 3926 1003 4008 Iustino,
1020 3925 1076 3992 lib.
1093 3927 1202 4006 XLII,
1222 3946 1255 4002 2,
1273 3924 1330 3988 ubi
1349 3925 1424 3986 Bon·

377 4025 497 4109 garsius
513 4051 532 4090 a
551 4028 707 4093 Strabone
723 4033 897 4094 Arniensem
914 4049 1063 4095 vocatum
1080 4047 1179 4096 notat.
1195 4031 1310 4096 Strabo
1329 4027 1423 4104 enirn,

378 4126 433 4191 lib.
447 4131 494 4194 xl
503 4179 511 4212 ,
529 4155 601 4223 pag.
622 4135 683 4200 530
695 4185 704 4217 ,
718 4138 888 4202 Armenum
906 4161 944 4202 ex
960 4139 1111 4203 Armenio
1123 4139 1294 4202 Thessaliae
1312 4131 1423 4224 oppido

381 4231 443 4296 rito
456 4235 538 4300 inter
553 4239 671 4305 Pheras
688 4257 720 4306 et
732 4233 903 4328 Larissam,
921 4269 954 4310 se
971 4245 1123 4312 comitem
1140 4245 1314 4332 praebuisse
1324 4235 1422 4306 Jasoni
