3150 5126
448 516 883 585 Aneonnnrrnnn.
1133 523 1194 609 3⁵7

134 637 276 720 tradere,
290 639 370 714 alios
382 661 460 702 vero
476 638 558 702 circa
570 639 697 704 Tenum
712 641 899 706 insulamah
910 643 1048 707 Hercule
1057 645 1196 726 occisos,

135 761 243 808 narrat
256 743 472 832 Apollodorus
498 745 519 808 l.
536 745 557 809 l.
576 745 723 834 Hyginus
741 748 810 811 telis
823 748 864 812 ab
877 749 1015 813 Hercule
1029 752 1194 814 confectos

134 850 251 914 refert:
264 869 330 938 quo
347 849 476 938 respicit
491 849 604 915 Senec.
620 849 707 915 Med.
723 851 806 930 634:

328 984 425 1039 snam
437 983 541 1038 Alcides
555 985 686 1056 Aquilone
698 997 783 1040 natos.

136 1109 199 1172 Ubi
216 1107 290 1172 vide
306 1107 460 1172 Delrium.
475 1105 665 1172 Condidisse
683 1108 797 1174 Calain
811 1110 916 1190 Cales,
930 1111 1043 1174 urbem
1060 1113 1092 1175 in
1108 1115 1198 1175 Cant·

134 1215 229 1304 pania
238 1263 247 1288 ,
256 1230 369 1277 auctor
378 1230 426 1278 est
439 1213 533 1279 Silius
542 1213 696 1279 lntvssl
705 1262 714 1295 ,
724 1213 910 1302 514,quanr
924 1233 956 1279 et
968 1216 1022 1280 lib.
1038 1216 1110 1296 ΧΠ,
1123 1217 1197 1298 525,

137 1323 315 1385 Tluer'ciam
327 1319 425 1386 Galen
441 1319 516 1384 ideo
535 1335 648 1401 vomt5
665 1320 724 1410 sed
739 1321 867 1386 Cluver.
883 1322 951 1385 ltal.
963 1321 1139 1410 Antiqlv,
1158 1325 1197 1402 6,

136 1442 266 1513 poetam
281 1447 321 1488 ex
338 1423 548 1488 similitudine
558 1424 790 1490 vocabulorum
806 1425 840 1490 id
854 1425 984 1490 finxisse
998 1443 1124 1508 censet,
1139 1452 1197 1492 cu-

135 1531 188 1611 jus
209 1530 377 1595 sententiae
401 1529 523 1594 accedit
541 1529 733 1594 eruditionis
752 1554 886 1594 summae
902 1533 950 1594 vir
968 1533 1122 1596 Camillus
1139 1533 1197 1597 Pe-

137 1639 284 1727 regrinus
295 1685 304 1717 ,
317 1636 444 1702 dissert.
459 1637 490 1700 11
502 1635 542 1699 de
556 1637 730 1725 Campania
739 1637 842 1701 Felice
851 1687 859 1718 ,
868 1660 937 1726 pag.
950 1638 1031 1720 3163
1043 1637 1099 1702 sed
1111 1637 1197 1702 idem

136 1745 186 1808 vir
210 1767 357 1808 summus
380 1766 447 1808 non
474 1743 659 1808 observasse
683 1745 867 1808 Cluverium
893 1761 1001 1825 notat,
1022 1745 1135 1808 Silium
1157 1743 1199 1810 de

139 1850 209 1928 ejus
230 1851 293 1913 situ
319 1849 477 1914 contraria
495 1847 628 1913 dixisse:
644 1872 748 1936 quum
764 1850 850 1912 enirn
867 1849 923 1914 lib.
940 1829 1004 1914 llll
1019 1867 1105 1916 recte
1128 1875 1199 1915 eam

138 1956 224 2018 inter
239 1957 416 2042 Campanas
429 1953 654 2036 retulerit,lib.
667 1955 744 2019 Vlll
760 1977 829 2018 eam
844 1955 980 2019 collocat
996 1954 1029 2019 in
1047 1955 1197 2045 Pelignis.

138 2060 235 2126 Unde
247 2083 323 2124 vero
335 2059 441 2124 editor
452 2059 684 2124 numismatum
697 2061 898 2150 egregiorum
911 2084 949 2125 ex
960 2060 1074 2125 Museo
1090 2061 1200 2126 iacobi

137 2167 177 2231 de
196 2166 302 2230 Wilde
323 2165 502 2246 resciverit,
518 2180 614 2255 caput
636 2164 763 2252 juvenis
785 2167 858 2231 alati
882 2169 915 2230 in
941 2190 1078 2230 nummo
1102 2169 1200 2231 Amisi

139 2273 229 2338 urhis
249 2273 379 2337 Galatiae
397 2294 465 2336 esse
489 2272 605 2354 Calais,
622 2273 742 2354 nesci03
759 2290 791 2337 et
805 2274 918 2337 vellem
946 2272 1039 2336 nobis
1056 2274 1104 2337 vel
1125 2275 1200 2336 uni-

138 2401 216 2442 cum
238 2377 460 2442 testimonium
473 2378 589 2444 veteris
614 2379 777 2465 scriptoris
798 2380 1001 2467 protulisset,
1016 2401 1083 2466 quo
1101 2380 1202 2468 suspi-

138 2484 267 2547 cionem
292 2481 334 2546 de
361 2483 463 2563 Calai,
478 2481 648 2546 conditore
668 2483 787 2564 Amisi,
804 2481 977 2548 firnrasset:
995 2482 1081 2548 unde
1104 2485 1200 2548 etiam

141 2587 233 2654 (lans
247 2587 379 2668 urbem,
393 2586 433 2651 de
450 2610 517 2674 quo
537 2586 635 2650 modo
647 2587 802 2668 vidimus,
818 2587 976 2652 Colesium
991 2604 1135 2651 vocatam
1152 2588 1201 2652 di·

140 2695 272 2775 dicerit,
284 2693 399 2758 vellem
414 2692 591 2760 ¹indicasset
602 2714 610 2772 3
623 2714 811 2780 persuasum
836 2709 942 2756 tamen
968 2693 1062 2755 etiam
1081 2692 1120 2756 cl.
1136 2695 1200 2757 lac.

140 2798 325 2880 Gronovio,
342 2814 439 2886 eaput
464 2799 498 2860 in
526 2820 662 2860 nummo
684 2797 799 2878 Amisi,
816 2820 884 2861 esse
909 2797 1028 2879 Calais,
1044 2797 1139 2861 video
1162 2819 1201 2862 ex

140 2923 233 2969 tomo
247 2906 263 2969 I
275 2903 432 2969 Thesauri
445 2906 521 2968 Ant.
538 2903 639 2967 Graec.
655 2903 689 2966 in
706 2926 804 2990 quem
822 2926 897 2967 eum
916 2903 1073 2985 contulit,
1088 2902 1144 2967 sed
1161 2904 1202 2967 de

141 3011 224 3074 urbe
238 3009 347 3074 Amiso
360 3009 526 3074 mentione
540 3009 627 3073 nulla
643 3011 724 3074 facta
735 3035 743 3092 ς
755 3007 845 3096 quod
863 3025 968 3072 tamen
985 3009 1139 3098 oportuit.
1154 3009 1202 3074 Ex

143 3117 272 3206 Hygino
285 3131 428 3198 tantum,
443 3116 505 3180 lab.
519 3116 582 3203 273
595 3115 675 3202 (non
695 3115 781 3202 237),
792 3132 961 3196 memorat,
976 3116 1086 3180 Calain
1101 3116 1135 3179 in
1152 3115 1202 3179 lu·

142 3218 209 3302 dis,
227 3244 310 3309 quos
331 3224 466 3288 Acastus
488 3221 579 3302 fecit,
592 3222 733 3310 Argivis,
746 3222 859 3287 vicisse
881 3221 1010 3304 diauln,
1028 3220 1202 3310 dequibus

144 3325 229 3390 ludis
251 3327 284 3390 in
294 3329 411 3390 Acasto
426 3327 563 3415 egimus.
574 3327 607 3391 Si
623 3327 661 3391 iis
676 3350 752 3391 vero
770 3326 871 3391 Calais
893 3343 925 3390 et
947 3329 1039 3390 Zetes
1050 3327 1203 3406 vicerint,

143 3432 253 3496 vixere
279 3449 366 3495 certe
396 3446 471 3519 post
497 3430 735 3519 expeditionem
760 3431 1032 3521 Argonauticam3
1052 3429 1109 3495 sed
1136 3454 1203 3522 quo

142 3555 289 3626 tempore
311 3537 352 3600 ab
375 3538 512 3601 Hercule
534 3537 705 3624 perierint,
732 3537 852 3600 nescio.
875 3537 961 3599 Dion
983 3535 1147 3624 Chrysost.
1167 3536 1199 3598 in

141 3643 363 3726 Corinthiaco,
376 3664 408 3730 p.
426 3641 507 3724 458,
522 3664 618 3730 quem
630 3642 750 3706 indicio
764 3643 802 3705 cl.
820 3640 975 3706 Gronovii
989 3638 1095 3704 locum
1111 3639 1206 3705 debe·

142 3771 235 3830 mus,
248 3749 312 3812 hoc
337 3765 497 3813 certamen
522 3771 540 3810 a
564 3748 720 3835 Neptuno
744 3763 776 3810 et
798 3746 871 3811 Sole
893 3763 1077 3810 institutum
1094 3745 1152 3826 nit,
1170 3746 1203 3808 in

143 3877 211 3941 quo
226 3871 257 3918 et
268 3855 359 3944 Argo
367 3853 455 3918 naris
466 3854 561 3934 vicit,
575 3876 646 3940 quae
658 3869 768 3941 postea
778 3876 795 3915 a
806 3853 921 3916 Iasone
932 3856 994 3916 hnt
1006 3866 1204 3932 consecrata3

142 3961 201 4024 nbi
219 3961 252 4024 in
270 3961 394 4025 Isthmo
410 3977 589 4043 certamen,
603 3982 670 4023 non
684 3960 775 4049 Argis
789 3959 887 4024 fuisse
901 3963 1107 4022 commissum
1125 3956 1205 4021 dioi-

143 4084 209 4146 tur,
225 4081 258 4128 et
273 4066 371 4146 nulli,
384 4067 443 4129 nisi
453 4069 661 4154 Argonauta,
675 4081 810 4129 certasse
821 4089 830 4147 ;
842 4088 907 4128 non
924 4064 992 4145 alii,
1003 4086 1085 4150 quos
1103 4063 1204 4151 Hygi·

144 4194 206 4235 nus
222 4169 386 4236 admiscet.
405 4173 562 4236 Caeterum
576 4171 692 4236 Calain
706 4187 738 4235 et
753 4174 850 4236 Zeten
863 4193 946 4258 saepe
959 4194 976 4232 a
994 4167 1204 4256 scriptoribus

144 4276 298 4340 confusos
321 4299 397 4341 cum
419 4276 594 4372 Amphione
612 4291 646 4340 et
663 4277 740 4342 Zeto
762 4275 942 4341 observavit
957 4273 1004 4338 vir
1027 4272 1205 4336 eruditissi-
