3192 5138
286 445 290 457 ’
347 491 410 556 206
507 492 593 556 1³10
623 491 1246 574 Arctonnsurmsunurs

390 625 518 702 Haeret,
540 639 573 688 et
590 623 667 688 binc
682 643 824 712 presens
842 622 960 712 pudor,
977 625 1054 688 bine
1067 623 1195 690 demetet
1213 645 1350 690 suorum
1379 649 1418 696 res

392 741 481 802 Dura
499 755 673 827 premuut3
687 754 866 828 utcumque
884 757 993 805 temen
1010 741 1153 816 muleere
1167 757 1352 831 gementem

388 856 505 920 Tentat
522 841 555 918 et
573 854 642 943 ipse
657 877 806 944 gemens,
824 871 859 920 et
872 871 1020 943 tempora
1037 877 1168 920 currere
1186 855 1300 921 dietis:

390 971 512 1036 «Mene
525 967 648 1057 aliquid
661 967 815 1034 metuisse
834 985 945 1058 putus,
970 1017 1227 1036 ............
1246 943 1249 968 ¹

395 1129 934 1154 .........................
945 1105 999 1149 me
1018 1085 1208 1166 tuberone,

390 1196 471 1260 Diva
488 1195 558 1260 viro
574 1195 712 1261 nimium
729 1195 849 1276 conjux
867 1197 992 1262 infensa
1007 1197 1116 1263 fideli?

390 1311 516 1374 Horren
534 1309 563 1372 si
577 1332 641 1397 qua
656 1326 790 1374 movent
807 1313 951 1394 animos,
968 1311 1159 1402 ingrataque
1178 1311 1274 1378 nobis
1379 1333 1419 1383 ⁴70

390 1426 472 1509 Quae
489 1441 520 1489 te
539 1447 681 1514 cumque
697 1442 872 1514 premunt3
890 1427 946 1492 sed
964 1429 1072 1493 mollia
1089 1443 1235 1518 tempore
1251 1428 1395 1518 primum

392 1543 589 1630 captamus,
604 1541 744 1629 soevique
760 1541 866 1630 placet
882 1564 973 1608 mora
991 1541 1161 1608 commode
1179 1543 1265 1608 belii.

373 1658 452 1722 ¹'I'ot
469 1657 575 1720 coiere
591 1654 690 1720 duees
704 1703 714 1737 ,
730 1656 907 1746 hostilique
923 1659 1043 1748 impete
1057 1675 1172 1724 turture

390 1771 546 1837 Certatim
564 1771 744 1838 incubuere
760 1771 863 1855 odiis,
883 1789 1090 1862 mortemque
1105 1776 1282 1841 minantur.

390 1888 493 1951 Causa
506 1887 581 1975 iuga
593 1902 661 1967 est,
677 1902 709 1951 et
725 1901 836 1951 noster
850 1909 954 1952 amor.
969 1887 1205 1978 Quoscumque
1220 1889 1367 1978 superbis
1375 1907 1416 1959 ⁴7⁵

392 1999 506 2064 Cernis
523 1999 615 2087 equis
631 1999 754 2086 equites
774 1999 929 2083 fremere,
951 2023 1063 2093 aspera
1077 2003 1166 2084 jussu
1179 2003 1319 2091 parentis

390 2115 506 2198 AEetae,
524 2113 723 2204 Absyrtique
741 2115 894 2181 immania
910 2117 1001 2208 signa
1016 2134 1218 2205 sequuntur3

390 2232 432 2296 Et
449 2231 566 2312 classe,
582 2245 614 2294 et
630 2231 732 2312 ferro,
747 2247 845 2319 atque
861 2232 977 2296 animis
995 2249 1137 2298 certatim
1153 2233 1283 2322 iniquis.

392 2346 501 2429 Quare
525 2367 566 2408 ne
584 2358 695 2433 pereat
715 2358 822 2409 tecum
840 2360 896 2410 tua
912 2345 1062 2411 Thessala
1078 2348 1201 2435 pubes,

390 2463 432 2526 Et
447 2461 555 2526 venias
573 2459 660 2550 turpi
679 2459 785 2524 fratris
801 2459 951 2526 ducenda
971 2463 1155 2552 triumpho,
1372 2484 1413 2527 tn

389 2577 466 2642 irati
482 2576 629 2641 subitum
648 2576 764 2664 patris,
791 2577 986 2665 matrisque,
1011 2579 1196 2666 sororisque

390 2697 548 2782 Aspectus
569 2714 685 2774 saevos,
702 2691 930 2780 horrendaque
948 2715 1115 2758 murmura
1132 2693 1237 2782 vulgi,

390 2809 575 2892 Quaerimus
597 2807 675 2872 huic
692 2804 789 2872 finem
806 2807 944 2889 damno,
962 2824 1120 2896 certoeque
1136 2809 1252 2890 ruinae,

389 2923 516 3012 Sospite
535 2939 583 3003 te,
606 2921 767 3009 sociisque
786 2921 871 3003 tuis,
896 2937 929 2986 et
944 2921 1034 3010 pube
1049 2923 1190 3012 Pelasga.

390 3036 532 3120 Quodsi
549 3036 749 3102 barbaricam
766 3059 882 3101 vesana
898 3037 1049 3126 superbia
1065 3055 1207 3102 mentem
1373 3058 1411 3102 us

375 3235 430 3296 46¹5.
441 3235 474 3281 Bt
491 3243 588 3297 tempera
606 3233 677 3280 dietis.
688 3192 762 3280 Vstiei
780 3235 834 3282 cod.
848 3239 959 3297 Quaerere,
972 3236 1061 3283 iieinsii
1075 3245 1139 3282 reete
1154 3237 1296 3297 conjecturs.
1307 3263 1338 3272 -
1358 3237 1411 3294 ⁴⁶⁸·

345 3319 413 3362 Hunc
433 3329 526 3360 versum
548 3313 677 3360 omiserunt
700 3315 800 3374 lingent.
830 3314 907 3362 cotim
929 3315 1021 3376 Grypb,
1039 3316 1156 3362 tremisse.
1172 3314 1275 3376 vulgati.
1298 3317 1411 3362 Meruisse.

344 3392 451 3442 Bertbius
465 3401 490 3438 et
506 3390 585 3437 Heins-
603 3391 667 3454 qnod
684 3391 775 3438 edmiti.
792 3393 834 3440 En.

228 3560 240 3576 '
344 3551 384 3606 dis
409 3548 517 3611 verbis,
540 3561 621 3600 teum
637 3565 792 3618 gementem,
811 3569 856 3618 ge·
936 3554 1076 3617 468Mene
1091 3556 1188 3620 aliquid
1199 3556 1411 3622 meurissepuras?

342 3650 412 3684 mens
428 3631 491 3704 ipse,
508 3643 533 3680 et
543 3641 651 3696 tempora
663 3649 760 3682 currere
777 3632 856 3682 dietis.
901 3629 1033 3684 Hactenus
1048 3631 1169 3685 Valerius
1189 3632 1236 3704 qni
1255 3643 1357 3696 morte,
1382 3644 1411 3685 ut
1492 3656 1500 3670 =

345 3716 443 3764 arn-ere
464 3707 506 3760 vix
527 3707 614 3760 locum
636 3719 750 3774 tuentur,
772 3727 856 3780 qum
900 3708 1019 3774 videtur,
1046 3709 1223 3783 interceptus,
1250 3710 1315 3762 nibil
1341 3710 1410 3766 ultre

343 3795 371 3846 τὸ
393 3803 472 3842 tenrcu
497 3788 605 3840 verbum
628 3788 746 3859 requiret
766 3787 857 3841 active
901 3789 1028 3861 scriptum
1049 3789 1166 3860 reliquit.
1190 3789 1321 3842 Carminis
1343 3790 1410 3844 illud

343 3867 541 3942 significationis
551 3885 559 3930 t
569 3867 661 3920 melius
675 3866 756 3937 igitur
768 3871 857 3919 ducere
901 3868 1080 3938 fragmentum
1093 3871 1178 3936 (Mene
1188 3872 1286 3936 aliquid
1298 3872 1410 3920 ruentisre

343 3950 385 4002 vel
400 3966 560 4016 quoerere.-
570 3952 685 4014 Quaerere
703 3963 735 3997 eo
753 3946 856 4000 felicius
896 3949 982 4014 putas)
994 3947 1126 4022 puppieni!
1135 3947 1210 4012 Pius,
1228 3958 1254 4000 et
1266 3947 1408 4017 abruptum

343 4027 455 4099 conjecit
468 4023 606 4086 Heinsius,
619 4022 692 4096 quod
709 4035 733 4076 et
747 4023 852 4076 facilem
900 4024 999 4078 Valerii
1012 4045 1096 4096 opus,
1115 4025 1256 4098 Apollonio
1272 4023 1355 4087 duee,
1374 4024 1408 4078 nd

342 4121 450 4160 tensum
467 4104 564 4176 prebet
580 4102 632 4156 boc
650 4103 776 4169 verbum,
792 4115 818 4156 et
837 4122 852 4156 u
897 4103 977 4158 finem
996 4102 1128 4175 perduxit.
1142 4103 1204 4158 Vid.
1219 4117 1237 4156 t.
1253 4105 1278 4168 Ι,
1297 4120 1324 4173 p.
1337 4119 1410 4166 κω,

342 4195 429 4236 vetere
442 4183 573 4254 scripturn
585 4183 695 4234 minimo
706 4182 794 4236 minus
808 4183 852 4236 nb-
897 4183 1076 4254 prefationem
1088 4182 1211 4237 editionis
1223 4180 1326 4236 Aldine
1338 4181 1408 4236 eirca

342 4262 420 4349 ludit.¹
432 4263 481 4314 En.
896 4261 985 4315 finem.
997 4261 1046 4314 Eu.
