3220 5128
470 463 904 530 ABGONAUTABUM.
1156 463 1220 552 369
1265 504 1268 512 ι

37 626 38 686 3
155 606 302 680 neptem,
321 589 475 655 omittens
501 590 675 678 Erginum
688 590 746 678 qui
770 606 895 670 tamen,
919 610 960 652 an
984 586 1069 654 idem
1087 589 1223 678 Erginus

155 698 270 778 fuerit,
281 697 338 784 qui
352 699 554 786 Argonauta,
570 695 710 760 dubitari
725 711 850 783 potest,
863 694 938 783 quia
955 693 1008 758 ille
1024 695 1223 762 Orchomeni

37 847 38 858 .
156 803 349 882 rexdicitur,
357 819 435 867 etex
447 802 567 889 Minyis
577 800 917 881 descendere,Noster
926 823 965 864 ex
975 801 1089 866 Mileto
1097 802 1224 866 venisse

155 909 295 975 refertur
315 907 356 971 ab
380 907 568 996 Apollonio,
583 905 717 995 Orpheo
738 920 770 970 et
793 907 935 995 Hygino.
958 906 991 970 Si
1014 905 1082 970 duo
1105 905 1223 972 diverti

156 1015 307 1094 luerunt,
322 1035 437 1077 eorum
455 1033 506 1076 rea
524 1027 627 1102 gestat
643 1011 729 1076 inter
746 1033 781 1075 ae
798 1013 950 1075 confusas
967 1026 1108 1078 statuere
1123 1011 1223 1078 debe·

157 1141 240 1186 mua.
256 1121 414 1184 Ceterum
434 1117 605 1206 Orpheus,
618 1140 665 1181 vs.
684 1114 763 1199 150,
776 1115 871 1192 dicit,
996 1201 998 1206 Ι

216 1301 231 1324 “
274 1307 350 1374 Hludt
363 1313 390 1370 δ’
402 1305 501 1389 prinec
516 1315 626 1388 Βράγχου
640 1316 775 1386 πολύπυρον
788 1315 889 1388 ἄρουραν

275 1403 446 1488 Bnnpthtntia.

160 1615 242 1698 Quae
253 1613 412 1702 interpres
421 1612 532 1691 vertit,
542 1613 631 1676 venit
641 1612 735 1676 etiam
744 1611 882 1698 Erginus
889 1610 1043 1693 Branchi,
1057 1615 1100 1678 ita
1113 1614 1227 1680 distin·

159 1741 279 1808 guent,
291 1718 382 1806 quasi
405 1716 489 1781 lilius
503 1717 641 1782 Branchi
658 1716 789 1799 fuisset3
806 1733 839 1780 et
857 1718 900 1781 ita
917 1719 1001 1806 cepit
1021 1720 1227 1785 Eacchenbn·

159 1825 270 1907 chius,
283 1823 340 1913 qui
356 1823 421 1887 hoc
438 1845 584 1912 pugnare
602 1845 677 1886 cum
693 1821 761 1887 aliis
778 1821 871 1902 dicit,
889 1823 946 1910 qui
962 1823 1106 1912 Neptuni
1124 1823 1226 1889 lilium

161 1931 300 2013 faciunt,
323 1929 399 2020 quia
430 1947 498 1994 erat
521 1939 640 2010 ἀπόγονος
660 1929 818 2017 Neptuni.
842 1929 905 1994 Sed
932 1947 1122 2018 oportuerat
1144 1925 1249 2026 ergo*

160 2035 297 2101 Branchi
310 2057 412 2126 genus
427 2032 467 2099 ad
480 2035 672 2123 Neptunum
685 2032 854 2098 deduxisse
865 2057 874 2113 ;
884 2033 940 2098 sed
953 2036 1118 2100 Branchus
1129 2037 1228 2128 vulgo

160 2141 320 2230 Apollinis
329 2139 414 2205 filius
424 2139 595 2220 statuitur3
608 2137 682 2203 vide
693 2139 780 2202 Lact.
794 2137 835 2202 ad
852 2139 931 2203 Stat.
937 2138 1132 2222 Theb.VlII,
1148 2142 1227 2228 198,

160 2245 307 2334 qttarnvis
317 2244 629 2331 etVarronis,quem
638 2241 770 2308 adducit
779 2292 787 2324 ‚
797 2243 885 2324 loco,
895 2245 1003 2331 potius
1013 2243 1082 2324 ejus
1088 2247 1227 2312 amasius

160 2351 308 2416 videatur
318 2350 433 2433 fuisse3
444 2366 481 2414 ut
498 2366 531 2414 et
547 2351 616 2438 ipse
632 2348 814 2413 Lactantius
827 2350 871 2413 ait
888 2347 929 2412 ad
946 2350 1229 2438 lib.111,478,ubi

161 2457 352 2524 Thessalum
368 2455 446 2522 dicit
464 2456 562 2532 luisse
573 2478 582 2538 3
593 2455 667 2520 vide
680 2472 713 2519 et
729 2456 856 2519 Conon.
873 2455 998 2520 Narrat.
1014 2456 1161 2522 XXXIII
1175 2507 1184 2538 ‚
1196 2477 1230 2525 et

162 2565 290 2653 Menag.
306 2562 348 2627 ad
362 2562 466 2626 Laert.
485 2563 515 2643 I,
532 2585 585 2649 7²·
607 2561 716 2644 Quare
732 2561 784 2625 illa
800 2561 922 2650 Orphei
941 2561 983 2624 ita
1002 2556 1175 2650 capienda,
1192 2581 1230 2630 ut

143 2655 362 2750 'conjunctim
382 2677 532 2748 ἐκπρολιπὼν
547 2677 647 2748 ᾶρουραν
666 2675 790 2747 Βράγχου,
806 2681 983 2747 vertantur,
1000 2667 1141 2754 linquens
1163 2685 1229 2734 ter·

162 2797 231 2839 rant
258 2773 413 2852 Branchi,
434 2773 467 2836 id
492 2788 554 2848 est,
575 2770 742 2851 Miletum,
758 2771 808 2834 rel
831 2771 900 2852 ejus
926 2793 1058 2860 agrum,
1078 2773 1135 2838 ubi
1160 2793 1228 2840 erat

163 2881 322 2969 templum
335 2879 471 2943 Branchi
482 2927 491 2961 ,
501 2877 541 2942 de
553 2900 619 2966 quo
634 2878 742 2940 omnia
758 2891 853 2957 nota,
864 2893 896 2940 et
910 2876 994 2941 dicta
1008 2877 1077 2960 aliis
1090 2879 1144 2944 hic
1158 2904 1225 2945 non

164 2983 338 3074 repetenda
354 2982 514 3048 videntur.
538 2981 591 3070 [Et
608 2981 652 3046 ita
670 2969 900 3068 interpretatur
916 3005 1047 3071 quoque
1062 2983 1226 3051 Gesnerus

164 3091 254 3155 illurn
271 3091 380 3154 locum
399 3089 432 3151 in
451 3110 507 3151 sua
523 3085 676 3150 editione.
695 3085 851 3174 Hancne]

208 3338 428 3419 ERIBOTES,
445 3335 609 3416 Teleontis
628 3333 728 3412 filios,
749 3351 946 3400 memoratus
963 3339 1110 3426 Apollon.
1125 3343 1151 3421 1,
1166 3342 1229 3429 733

164 3446 268 3511 Valer.
283 3447 415 3524 Flacco,
429 3443 463 3524 1,
480 3445 561 3524 4⁰²3
579 3455 612 3506 et
630 3441 771 3530 Hygino.
791 3441 941 3529 Orpheus
962 3459 995 3506 et
1010 3445 1228 3532 Apollodorus

165 3551 242 3620 euni
261 3553 421 3640 ignorant.
438 3548 617 3613 Obscurior
633 3547 730 3628 hujus
746 3548 939 3636 Argonauta
956 3549 1066 3638 orig03
1084 3575 1157 3616 nam
1176 3555 1230 3619 hic

164 3658 305 3738 Telenn,
321 3655 389 3735 ejus
407 3669 508 3742 pater,
523 3652 666 3717 diversus
682 3667 731 3718 eat
745 3651 948 3734 aTeleonte‚
964 3671 1054 3741 patre
1070 3657 1176 3740 Butae,
1193 3679 1231 3725 ut

166 3779 258 3827 notat
279 3760 446 3826 Scholiast.
467 3759 615 3847 Apollou.
636 3756 677 3822 ad
696 3756 750 3821 lib.
768 3758 799 3838 1,
815 3760 875 3842 943
889 3780 949 3822 nec
974 3774 1081 3825 tamen
1111 3763 1231 3830 indicat

166 3866 373 3957 quiescerit,
395 3881 451 3929 aut
473 3863 560 3928 unde
585 3861 754 3928 oriundus.
778 3861 937 3927 Eumdem
957 3864 1051 3928 etiarn
1070 3889 1156 3947 esse,
1175 3872 1232 3958 qui

167 3977 339 4064 Eurybates
356 3976 397 4039 ab
416 3975 483 4038 aliis
499 3989 649 4052 vocatur,
669 3993 708 4036 ex
725 3970 893 4038 Herodoto
912 3988 1003 4038 notat
1026 3973 1112 4040 idem
1130 3977 1232 4042 Scho-

166 4085 271 4148 liastes
290 4081 430 4147 advers.
448 4079 509 4168 733
532 4096 565 4144 et
586 4079 734 4168 Hyginus
755 4078 788 4142 in
815 4077 878 4142 line
902 4102 970 4167 cap.
988 4083 1026 4157 ¹4
1043 4081 1121 4146 dicit
1136 4084 1168 4147 in
1187 4109 1240 4147 re.

167 4191 315 4254 versione
338 4187 470 4276 periisse
487 4185 672 4268 Eurybaten
688 4184 852 4248 Teleontis
875 4183 994 4266 filiunt,
1022 4211 1119 4274 quern
1143 4207 1234 4255 antea

256 4296 299 4360 II.
1064 4299 1104 4372 ²1I
