3150 5126
459 537 900 606 Ansouuurnuuu.
1143 541 1205 629 347

146 681 294 752 torquem
308 664 349 726 ub
368 663 511 750 Orpheo,
531 679 739 727 memoretur.
754 663 866 745 Quum
883 677 990 726 autern
1015 663 1109 726 multi
1126 665 1209 750 Argi

144 769 267 836 fuerint
291 769 325 830 in
351 767 484 832 historia
499 768 660 857 mythice,
685 791 752 833 non
771 769 861 832 facile
878 783 927 831 est
944 789 1056 832 omues
1074 768 1107 830 in
1128 767 1208 832 con-

144 873 288 938 cordiam
305 872 449 962 redigere
463 873 644 962 scriptores.
660 875 708 938 De
724 895 840 963 genere
857 872 958 938 nostri
976 895 1042 937 non
1057 874 1207 938 convenit

144 979 242 1058 etiarn
256 1001 264 1042 ε
277 1001 317 1042 ex
333 977 480 1064 Thespiis
492 976 668 1041 ‘oriundum
680 977 755 1042 facit
770 979 899 1057 Noster,
911 977 966 1042 lib.
980 977 1066 1063 1,93
1082 994 1115 1041 et
1127 981 1207 1058 1243

144 1100 268 1172 patrem
284 1081 353 1162 ejus
365 1085 542 1146 Arestorcm
557 1082 634 1146 facit
645 1081 797 1169 Apollou.
810 1081 864 1145 lib.
874 1083 907 1162 I,
925 1103 1000 1162 1123
1015 1083 1059 1144 its
1071 1096 1108 1145 ut
1120 1081 1205 1144 idem

144 1205 246 1270 esset,
269 1188 325 1275 qui
341 1191 467 1275 Argus,
486 1202 593 1252 custos
612 1189 703 1252 lusa
726 1188 854 1250 Iunone
879 1187 1062 1275 appositus,
1083 1203 1116 1250 et
1130 1209 1208 1251 ceu·

145 1309 217 1358 tum
249 1291 350 1358 oculis
378 1291 512 1381 vigilans
536 1314 555 1355 a
581 1292 743 1356 Mercurio
769 1289 982 1356 interfectus:
1007 1291 1097 1354 hunc
1119 1291 1206 1354 enim

147 1399 349 1462 Arestoridcn
364 1413 457 1462 vocat
480 1396 633 1479 Ovidius,
665 1398 743 1462 Met.
769 1397 808 1477 I,
835 1396 910 1473 624.
926 1397 1033 1460 Tzetz.
1051 1393 1092 1458 ad
1108 1396 1209 1483 Lyco-

151 1508 270 1596 phron.
293 1530 338 1571 vs.
369 1505 449 1587 885,
463 1505 567 1587 hermu<
585 1517 601 1573 ἣ
622 1508 752 1586 Aliarum
779 1503 880 1569 filium
905 1502 999 1580 dicit,
1016 1503 1072 1592 ubi
1091 1501 1208 1584 credo,

152 1615 286 1694 Apteron
305 1611 478 1702 legendum
498 1633 562 1700 pro
582 1609 699 1692 ἑατορος·
717 1627 748 1674 et
771 1611 805 1674 in
821 1609 995 1698 Apollonio
1012 1607 1209 1672 Alectoruien

147 1741 211 1806 pro,
223 1717 424 1782 Arestoridae
444 1737 512 1782 esse
529 1715 698 1780 contendit
724 1715 928 1780 doctissimus
953 1713 1148 1780 Meteriacus
1167 1711 1208 1777 ad

146 1821 241 1888 ovid
259 1823 359 1911 Epist.
372 1823 435 1902 vt,
452 1820 510 1903 65,
524 1845 595 1911 pag.
608 1820 669 1908 671
681 1867 690 1902 ,
704 1821 761 1885 ubi
778 1821 904 1910 egregie
921 1819 962 1884 de
978 1819 1042 1883 hoc
1058 1821 1164 1906 Argo,
1176 1833 1209 1880 et

147 1949 229 1991 nave
244 1931 328 2017 Argo
344 1926 494 2015 disputat
512 1927 609 1990 Hunc
624 1925 720 1990 etiam
736 1925 788 1990 alii
805 1925 927 1988 fuciunt
942 1922 1143 1988 conditorem
1153 1945 1209 1985 ur·

148 2033 197 2096 bis
217 2032 294 2120 Argi
311 2031 439 2119 (Schol.
457 2029 602 2119 Euripid.
620 2029 905 2116 Phoeniss.1123);
922 2051 1020 2120 quern
1038 2029 1090 2092 ulii
1106 2027 1207 2092 filium

148 2139 273 2220 Aleuae,
298 2153 335 2201 ut
356 2137 464 2202 Schol.
487 2135 630 2225 AEschyl.
651 2135 815 2200 Prometh.
844 2133 921 2222 57⁰³
945 2135 996 2198 alii
1020 2133 1147 2210 inachi,
1171 2147 1209 2196 ut

148 2240 336 2330 Apollodor.
352 2241 406 2306 lib.
421 2242 466 2323 11,
482 2263 551 2329 cap.
567 2263 595 2322 1,
608 2245 626 2321 S
643 2263 671 2322 1,
686 2240 737 2304 alii
748 2240 837 2304 Jovis
853 2257 885 2304 et
899 2239 1037 2320 Niobes,
1050 2254 1088 2301 ut
1101 2237 1207 2302 Schol.

149 2347 293 2435 Euripid.
305 2347 408 2411 Orest.
424 2347 499 2433 930,
516 2369 555 2411 ex
567 2345 761 2434 Pherecydc,
777 2345 908 2409 farciunt.
921 2343 984 2410 Sed
1001 2343 1208 2408 centoculum
1331 2356 1334 2362 '

148 2452 239 2516 illum
257 2450 420 2517 diversum
437 2474 455 2515 a
472 2467 583 2515 nostro
599 2453 684 2540 Argo
701 2471 788 2532 esse,
807 2467 892 2514 certe
910 2450 954 2513 ita
970 2471 1099 2513 censere
1114 2448 1209 2511 Vale·

147 2558 234 2622 riurn
252 2573 414 2641 nostrum,
430 2572 562 2646 apparet
578 2579 618 2620 ex,
628 2556 685 2620 lib.
702 2555 758 2635 tv,
777 2553 850 2636 351,
868 2555 923 2620 ubi
946 2555 1095 2643 Orpheus
1114 2553 1209 2619 subu·

149 2663 212 2726 hm
235 2664 291 2727 Ius
309 2680 342 2728 et
358 2663 499 2728 custodis
517 2664 609 2752 Argi,
627 2678 664 2726 ut
682 2663 785 2726 multo
803 2661 1018 2748 antiquiorem
1036 2660 1130 2724 canit.
1144 2659 1209 2721 Va-

149 2769 234 2832 riant
249 2791 325 2833 vero
341 2769 375 2832 in
392 2770 452 2833 hac
471 2769 537 2857 ipsa
554 2769 609 2832 lus
630 2768 737 2832 fabula
757 2767 906 2831 Veteres:
923 2787 1104 2853 anonymus
1121 2763 1208 2827 enirn

149 2871 190 2936 de
207 2872 470 2954 Incredibilihus,
491 2895 559 2960 cup.
578 2871 614 2936 15
633 2870 781 2935 editionis
801 2870 933 2934 Thomae
958 2867 1053 2948 Gale,
1079 2868 1154 2932 fucit
1172 2869 1209 2932 lo

149 2977 307 3042 Arestoris
320 2975 416 3042 filiam
427 3025 435 3058 ,
447 2980 568 3066 Argum
582 2998 659 3040 vero
671 2975 802 3040 fratrem
819 2975 928 3039 matris
936 2974 1092 3038 Arestoris
1104 2996 1112 3054 ;
1125 2971 1208 3036 Cha·

149 3107 206 3148 rex
221 3107 297 3148 vero
319 3083 407 3172 apud
425 3084 622 3172 Stephanum
645 3085 677 3146 in
707 3091 839 3164 Παῤῥασία
859 3083 1026 3172 Pelasgum
1053 3080 1210 3144 Arestoris

151 3189 275 3272 filiurn,
292 3191 381 3255 hunc
396 3187 530 3272 Echasi,
544 3190 634 3254 iilum
655 3191 754 3278 Argi:
778 3211 849 3276 quse
864 3189 916 3252 vix
932 3203 1062 3276 possent
1076 3186 1161 3249 inter
1177 3206 1211 3249 se

153 3317 352 3385 congruere,
367 3297 427 3361 nisi
444 3297 519 3386 Argi
534 3318 627 3360 soror
642 3312 743 3359 mater
756 3309 915 3359 statuatur
929 3292 1098 3359 Arestoris.
1117 3291 1214 3379 Apol·

151 3401 302 3483 lodorus,
318 3403 372 3468 lib.
389 3405 422 3484 1,
441 3424 510 3491 cup.
531 3425 572 3489 9,
589 3410 606 3484 S
626 3405 685 3484 16,
707 3403 827 3491 Phryxi
843 3400 950 3465 filium
973 3400 1066 3482 sacit;
1085 3397 1142 3462 sed
1159 3397 1211 3461 ille

151 3507 230 3570 aiter
244 3511 351 3595 Argus
364 3524 427 3590 est,
444 3508 484 3573 de
500 3531 566 3597 quo
579 3531 654 3572 mox
662 3506 849 3572 dicendum.
862 3505 1028 3595 Hyginus,
1045 3504 1108 3568 fab.
1123 3501 1210 3582 xlv,

151 3611 227 3675 facit
241 3612 353 3700 Polybi
365 3629 397 3677 et
407 3615 511 3702 Argiae
520 3612 632 3694 filium,
643 3613 694 3676 vel
703 3610 882 3676 secundum
892 3610 985 3691 ulios,
998 3605 1211 3696 DanaiPoly·

151 3715 229 3780 bum
248 3741 325 3782 vero
340 3717 489 3782 Phocidis
503 3741 628 3807 regern,
649 3717 704 3806 qui
724 3715 888 3804 OEdipum
905 3713 1068 3795 educavit,
1087 3714 1213 3799 reperio

152 3821 239 3914 apud
254 3821 389 3889 Diodor.
408 3823 505 3890 Sicul.
525 3823 581 3888 lib.
596 3823 651 3904 lV,
666 3845 737 3910 pag.
761 3821 832 3902 185,
848 3835 881 3884 et
896 3821 972 3884 Stat.
985 3819 1088 3883 Theb.
1100 3819 1138 3899 I,
1158 3819 1210 3895 64.

154 3927 289 4016 Argiam
310 3951 386 3994 vero
407 3929 475 4008 ejus
492 3947 626 3994 matrem
642 3930 736 4018 plane
754 3929 878 4018 ignoro.
897 3927 1061 3990 Diversum
1077 3923 1118 3988 ab
1140 3945 1212 3986 om·

156 4033 251 4098 nibus
267 4035 453 4122 opinionem
474 4035 571 4100 trudit
585 4035 777 4098 Ptolemaeus
793 4030 1027 4122 Hephaestionis
1041 4032 1076 4094 F.
1093 4030 1148 4093 lib.
1164 4031 1213 4100 11,

152 4159 224 4226 pag.
241 4138 322 4221 310,
342 4141 398 4226 qui
415 4140 539 4227 prodit,
556 4143 642 4229 Argo
664 4162 776 4204 navem
795 4137 912 4204 dictam
930 4137 971 4202 ab
991 4138 1077 4226 Argo
1092 4135 1213 4199 Iasonis

153 4239 238 4324 filio,
264 4265 359 4330 quern
385 4244 436 4308 illc
458 4266 567 4308 amans
585 4266 693 4308 secum
712 4244 745 4307 in
764 4243 924 4331 Scythiam
942 4241 1033 4307 duxit
1051 4266 1060 4325 3
1083 4239 1156 4306 vide
1177 4240 1211 4302 in

155 4345 296 4412 Hercule.
