3192 5138
367 551 432 618 232
546 551 629 618 rio
651 546 896 630 Atroronn,
917 547 1266 616 surrnnnnunt

410 689 583 778 Perpessus
603 687 670 753 nati
685 707 800 768 muse,
817 706 917 773 quern
932 683 985 748 dia
1001 684 1139 750 Coronis

409 804 567 892 Concepit
582 803 661 891 ripis
681 799 795 890 wyri
815 801 930 890 pingui
950 799 984 863 in
1004 799 1144 866 luceria.
1398 813 1438 852 1⁵·

453 919 528 983 Non
544 918 683 1007 Minyis,
697 915 780 982 loedn
794 917 926 1006 pollutis
944 913 1047 998 oaede,
1064 913 1226 980 labantem

409 1032 536 1098 Gaudio
553 1047 741 1122 pertentant
758 1032 924 1114 animum,
941 1029 1085 1097 Cerealia
1101 1030 1204 1113 dona,

409 1147 533 1238 Ingrati
548 1145 658 1213 latices
673 1147 791 1212 bacchi
803 1172 813 1230 ς
826 1147 907 1236 quin
922 1145 1055 1212 naribus
1068 1145 1195 1212 horem

409 1265 506 1330 Teter
519 1261 603 1328 odor
619 1263 754 1329 miseros
771 1262 894 1328 crudeli
910 1261 983 1328 tabe
999 1259 1142 1352 peredit,

407 1379 570 1444 semiusto
588 1379 792 1446 Phaethonte
802 1378 881 1444 Padi
897 1401 1002 1469 prope
1016 1377 1112 1444 dorsa
1126 1375 1293 1468 prohtndi.
1400 1393 1438 1434 1⁵⁵

409 1494 584 1584 Accipiunt
599 1495 695 1559 etiarn
713 1495 873 1584 gemitum
890 1493 1031 1585 lugentis
1044 1491 1160 1558 acerbe
1208 1495 1211 1504 ’
1371 1469 1375 1478 ’

409 1608 582 1674 Heliadum
598 1609 723 1674 turbae:
739 1610 857 1674 harum
874 1609 977 1676 oculis
993 1610 1019 1675 it
1033 1609 1180 1676 tristibus
1193 1607 1326 1690 humor,

408 1723 551 1788 Palladio
569 1726 680 1813 quales
695 1740 832 1790 manant
847 1723 889 1790 de
906 1726 1027 1790 cortice
1042 1739 1152 1815 gttttae.

453 1838 532 1903 Mox
555 1839 694 1920 abeunt,
711 1836 928 1927 Rhodanique
943 1853 1053 1902 secent
1069 1837 1229 1902 immensa
1245 1835 1376 1902 fluenta.

407 1952 470 2017 llio
485 1968 595 2018 autent
612 1952 744 2020 Eridani
766 1975 909 2043 preceps
928 1953 1072 2018 illabitur
1095 1971 1247 2035 amnem,
1399 1971 1439 2013 1⁶·

409 2068 451 2131 Et
465 2068 598 2148 junctus
615 2068 752 2157 strepitu
768 2069 853 2158 ripes
867 2067 1019 2157 proeradit
1033 2083 1151 2146 acuto,

410 2184 562 2248 Extrema
577 2185 711 2249 veniens
729 2185 864 2267 tellure,
881 2183 939 2248 ubi
957 2181 1088 2249 cordine
1107 2199 1225 2276 operto

408 2299 493 2364 Sunt
506 2299 671 2390 coligano's
686 2316 788 2389 portae
802 2317 836 2366 et
850 2323 932 2365 caeca
950 2301 1029 2365 atria
1043 2301 1168 2386 nootis,

409 2413 505 2478 Unde
520 2413 639 2479 cadens
654 2437 796 2504 preceps
812 2416 873 2480 hac
888 2417 983 2480 litora
999 2415 1104 2480 fertur
1120 2414 1162 2480 ad
1178 2415 1243 2479 ima

409 2527 594 2611 Turbidus,
618 2529 779 2618 Ionioque
797 2533 939 2594 fremens
956 2529 1132 2594 bacchatur
1147 2530 1181 2594 in
1197 2529 1280 2596 alto:
1400 2544 1438 2585 1⁶⁵

409 2643 485 2708 Illac
503 2645 665 2710 Sardoum·
682 2642 795 2732 rapido
813 2645 895 2733 petit
913 2644 1036 2733 impete
1053 2659 1215 2734 pontum,

409 2759 596 2824 Flumineos
610 2759 720 2824 latices
738 2775 869 2847 septena
886 2779 947 2846 per
959 2759 1041 2823 ostia
1054 2759 1196 2823 mittens.

410 2875 472 2938 Per
493 2896 591 2961 quem
607 2873 702 2938 Graia
725 2874 797 2936 lacu
812 2873 888 2936 ratis
905 2889 954 2938 est
972 2895 1033 2960 pro
1052 2871 1175 2936 viribus
1191 2887 1261 2935 ncta

411 2985 584 3074 Hybcrno,
597 2986 716 3075 linquit
729 2986 808 3051 dum
826 2985 943 3050 Celtica
962 3009 1038 3050 ruta
1051 2985 1205 3064 inventus

409 3101 583 3165 Thessala:
607 3101 711 3164 fertur
725 3103 814 3164 enim
832 3101 979 3166 sinuosas
996 3101 1156 3188 plurimus
1175 3099 1280 3166 undas
1404 3137 1441 3176 η.

409 3219 534 3281 Intrare
548 3217 686 3298 Oceani,
703 3239 777 3305 quae
791 3217 818 3281 si
835 3216 979 3305 Pegasaea
997 3215 1137 3280 subisset

412 3333 531 3412 Navis,
550 3332 584 3395 in
602 3332 720 3422 ignotis
734 3333 905 3421 periissent
921 3330 1073 3395 fluctibus
1086 3353 1220 3414 omnes,

411 3448 523 3511 Visere
539 3469 600 3512 nec
614 3448 683 3511 noti
696 3451 880 3536 potuissent
893 3447 1032 3535 aequoris
1050 3469 1135 3512 oras.

452 3567 495 3629 At
512 3564 599 3628 luno
616 3563 694 3627 caelo
707 3563 887 3653 effulgens,
912 3545 1057 3650 caeloque
1072 3563 1220 3628 relabens

409 3681 448 3743 ln
466 3695 584 3761 terras,
601 3677 691 3743 dedit
707 3679 871 3768 Hercynio
887 3676 928 3741 de
947 3678 1066 3742 vertice
1082 3679 1233 3766 signum,
1404 3699 1440 3748 ¹⁷⁵

408 3793 505 3857 Unde
521 3795 628 3858 omnis
644 3815 801 3858 concussa
819 3793 937 3858 cohors
953 3792 1129 3857 formidine
1144 3795 1225 3858 vasti

410 3909 583 3991 Clamor-is,
605 3910 808 4000 graviterque
826 3905 892 3972 dean
908 3931 1035 3972 summa
1052 3931 1125 3972 arce
1141 3909 1301 3973 tonantis.

410 4023 533 4088 Heroes
556 4023 622 4088 caeli
643 4025 777 4087 monitu
786 4023 929 4106 rediere,
943 4025 1098 4111 viamque

410 4139 602 4224 Agnoscunt
617 4135 733 4218 fidam,
755 4153 788 4200 et
804 4133 946 4200 melioris
970 4136 1106 4226 gurgitis
1124 4135 1240 4202 undas.

409 4251 518 4314 Litora
538 4252 697 4315 continuo
718 4251 830 4340 rapido
852 4252 991 4320 allatrata
1011 4251 1178 4340 profundo
1406 4264 1443 4303 ¹⁸⁹
