3220 5128
479 612 911 679 inconsummata.
1165 616 1224 702 391

165 753 288 800 aetatem
314 735 461 802 conferre
489 737 608 802 durum
633 751 697 800 est:
729 759 802 812 nam
829 736 967 823 plurima
996 735 1126 803 demum
1153 753 1227 824 post

165 843 411 932 Argonauticam
429 841 668 929 expeditionem
687 841 884 906 acciderunt.
908 843 1037 906 Herculi
1057 843 1143 907 enirn
1161 844 1227 923 jam

165 963 315 1034 provecta
337 961 428 1010 aetate
452 945 584 1010 adhaesit
602 947 746 1010 Theseus
769 946 914 1025 juvenis,
938 962 971 1009 et
996 948 1030 1010 in
1054 950 1228 1012 Amazonia

165 1053 367 1142 expeditione
384 1052 490 1116 socius
507 1051 585 1132 fuit3
606 1051 753 1114 interfuit
768 1051 845 1115 huic
862 1051 1078 1140 expeditioni,
1099 1055 1228 1117 venatui

165 1159 232 1250 apri
258 1157 444 1246 calydonii,
470 1173 503 1222 et
527 1158 634 1246 rapuit
658 1157 831 1238 Helenam,
852 1180 925 1244 quaa
946 1157 1030 1222 circa
1050 1157 1227 1240 Trojanum

165 1263 285 1328 bellum
299 1264 435 1340 maxime
450 1261 575 1344 floruit,
588 1285 660 1354 quae
671 1263 780 1326 omnia
791 1264 818 1326 si
830 1263 974 1326 Theseus
985 1279 1034 1326 tot
1043 1279 1227 1352 temporum

165 1368 335 1432 intervallis
349 1366 497 1432 distincta
514 1367 596 1457 egit,
614 1369 727 1432 saecula
743 1367 810 1432 duo
826 1368 877 1430 rel
897 1368 956 1432 tria
974 1369 1088 1434 vixisse
1104 1368 1227 1436 debuit.

165 1477 258 1536 Certe
277 1474 371 1536 lason
392 1473 590 1562 Hypsipylen
614 1488 744 1563 neptem
765 1472 920 1536 Ariadnes
942 1496 1000 1536 nec
1016 1472 1141 1557 videre,
1168 1497 1228 1537 nec

164 1579 276 1643 Lemni
293 1601 487 1667 cognoscere
504 1579 629 1666 potuit,
656 1580 730 1642 licet
754 1594 863 1642 noster
878 1579 975 1642 Poeta
993 1579 1070 1642 hnic
1087 1579 1226 1642 difficul-

163 1683 222 1746 tati
240 1684 416 1747 oecurrisse
435 1683 535 1748 videri
554 1683 671 1771 possit,
693 1705 750 1771 per
772 1707 826 1766 ea,
847 1707 919 1770 quae
940 1683 980 1748 de
999 1683 1140 1748 Ariadna
1158 1709 1225 1748 me-

164 1806 269 1853 morat
285 1791 425 1870 lih.Vll,
448 1813 529 1878 279,
552 1790 605 1854 uhi
629 1793 778 1854 Iasonem
799 1790 946 1856 Ariadne
965 1793 1165 1855 mentionem
1181 1794 1227 1855 fa·

163 1896 301 1958 cientem
321 1894 456 1959 inducit.

92 2173 97 2206 Ἦ
207 2115 411 2194 LAEHTES,
431 2116 548 2180 Arcesii
560 2115 660 2191 filius,
674 2132 763 2204 pater
774 2117 899 2204 Ulyxis,
914 2117 1012 2180 asolo
1026 2117 1224 2203 Apollodoro

164 2223 248 2284 inter
258 2223 458 2309 Argonautas
471 2223 620 2304 refertur,
634 2223 765 2311 reliquis
780 2223 932 2286 omnihus
947 2223 1123 2312 ignoratur.
1132 2222 1226 2286 Teur-

163 2349 241 2414 pora
256 2327 331 2390 satis
348 2329 566 2410 conveniunt,
580 2345 612 2392 et
627 2329 777 2418 cognatio
800 2353 875 2394 cum
893 2331 1010 2394 Iasone
1032 2345 1066 2392 et
1088 2327 1224 2392 AEolidis

162 2432 270 2520 potuit
287 2455 361 2496 eum
378 2433 455 2497 huic
473 2433 591 2498 militiae
608 2435 739 2499 sociare.
759 2437 902 2498 Arcesius
919 2435 1007 2498 enim
1024 2433 1107 2498 lilius
1123 2435 1224 2516 Celei,

163 2537 214 2600 ille
233 2537 381 2625 Cephali,
405 2537 459 2602 hic
472 2561 548 2602 vero
565 2541 662 2601 frater
678 2538 824 2626 Phylaci,
845 2555 877 2601 et
893 2537 975 2602 filius
994 2531 1148 2620 Deionei,
1168 2540 1224 2626 qui

163 2641 249 2706 AEoli
267 2639 350 2704 filius
367 2643 443 2721 luit,
457 2642 530 2706 licet
546 2644 579 2706 in
598 2643 662 2706 hoc
680 2659 849 2705 stemmate
865 2643 1012 2730 quaedam
1027 2645 1118 2707 aliter
1134 2643 1222 2706 ordi-

163 2763 299 2824 nentur,
318 2764 350 2812 et
372 2748 439 2836 ipse
462 2750 578 2836 Ulyxes
603 2745 691 2835 apud
709 2745 877 2829 Ovidium,
898 2748 974 2813 Met.
990 2747 1087 2828 Xlll,
1107 2749 1222 2811 Arcesii

162 2867 284 2938 patrem
301 2853 414 2918 lovem
432 2853 529 2917 fuisse
546 2853 717 2942 glorietur:
733 2875 804 2939 quae
820 2853 929 2916 omnia
945 2855 1070 2942 egregie
1086 2854 1223 2917 illustra·

162 2959 208 3022 vit
232 2958 427 3024 Mezeriaeus
449 2957 490 3023 ad
514 2957 606 3022 Ovid.
631 2958 731 3045 Epist.
751 2957 785 3040 l,
805 2957 897 3038 cujus
916 2959 1031 3023 scrinia
1049 2959 1221 3048 compilare

163 3085 228 3126 non
246 3063 335 3128 libet.
355 3062 456 3126 Addit
471 3062 557 3128 idem
574 3063 788 3146 Mezeriacus,
802 3062 973 3128 credidisse
990 3065 1125 3140 multos,
1143 3065 1221 3152 Uly-

161 3191 233 3234 xem
255 3192 294 3232 ex
318 3170 437 3233 furtivo
462 3193 536 3234 eum
556 3186 657 3232 matre
675 3168 743 3249 ejus
764 3170 852 3234 coitu
872 3193 911 3233 ex
933 3169 1071 3258 Sisypho
1090 3186 1220 3250 natum,

161 3271 251 3359 quod
264 3274 324 3362 ipsi
335 3274 447 3354 objicit
458 3275 545 3356 Aiax,
560 3289 592 3337 et
604 3274 646 3337 ita
660 3275 795 3363 propius
804 3273 948 3355 AEolum,
961 3274 1052 3356 cujus
1063 3275 1220 3364 Sisyphus

161 3375 244 3442 lilius
261 3378 339 3461 suit,
358 3379 569 3468 contingeret.

185 3659 188 3666 .
208 3599 412 3667 LAOCOON
419 3648 428 3681 ,
442 3600 631 3666 Parthaonis
647 3599 746 3680 filius,
762 3599 867 3662 OEnei
885 3601 991 3679 frater,
1004 3599 1219 3686 Calydonius,

157 3719 191 3766 et
209 3719 341 3788 patruus
359 3706 528 3794 Meleagri,
547 3705 580 3768 in
600 3705 691 3784 cujus
707 3704 839 3768 nomine
857 3702 898 3766 de
915 3720 1083 3768 stemmate
1099 3705 1216 3768 horum

157 3819 299 3894 agemus
322 3811 522 3876 Memoratur
549 3811 602 3874 hio
628 3810 712 3874 inter
736 3811 938 3896 Argonautas
966 3809 1007 3871 ab
1033 3808 1162 3897 Hygino
1186 3827 1218 3874 et

157 3913 332 4000 Apollonio
347 3915 495 3998 Rhodio,
521 3917 576 3981 lib.
597 3917 629 3997 I,
659 3938 735 4002 192,
761 3914 818 4001 qui
842 3913 948 3996 addit,
977 3914 1067 3978 illum
1092 3938 1131 3980 ex
1158 3916 1216 3978 alia

156 4033 259 4082 usaue
274 4031 403 4101 uatum,
429 4037 461 4085 et
481 4019 612 4108 quidem
635 4020 765 4084 ancilla:
792 4041 891 4105 quare
909 4019 1042 4083 OEneus
1058 4043 1132 4082 eurn
1151 4018 1217 4082 filio

156 4145 217 4188 suo
228 4122 395 4214 Meleagro,
403 4125 492 4190 addit
503 4137 659 4207 κοσμήτορα,
681 4142 849 4196 rectorem.
875 4127 917 4190 Et
936 4125 1003 4190 haee
1019 4125 1102 4189 forte
1118 4125 1218 4205 ratio,

156 4251 215 4292 cur
229 4229 270 4294 ab
285 4231 499 4320 Apollodoro,
518 4233 573 4300 libt
592 4235 623 4314 1,
640 4254 707 4322 cap·
723 4256 754 4318 72
770 4243 785 4308 S
803 4255 855 4313 11,-
869 4232 954 4296 inter
967 4231 1048 4298 lilios
1063 4231 1217 4294 Parthao-

157 4333 207 4396 nis
233 4357 300 4398 non
322 4354 530 4418 numeretur,
558 4361 617 4403 nec
639 4339 734 4402 etiam
757 4338 809 4401 alii
834 4339 918 4402 inter
943 4340 1167 4428 Argonautas,
1182 4353 1219 4401 ut
