3192 5138
410 456 828 541 Anconrorroou,
859 461 1035 528 merx.
1198 468 1260 556 237

233 592 376 674 Deserit,
391 593 597 680 aetheriisque
611 591 704 656 deam
725 591 785 658 dea
801 597 954 684 convenit
966 598 1069 664 astris.

232 711 305 798 lpsa
318 724 426 774 autem
440 707 572 772 Thetidi
587 707 685 796 regali
699 709 884 774 comminus
896 726 991 776 ostro
1222 736 1260 773 sm

232 824 318 887 luno
332 821 467 904 sedens,
494 822 549 886 tali
562 821 658 886 affata
672 838 721 886 est
735 821 874 887 Nereida
889 845 970 888 voce
985 849 993 890 :

274 967 287 992 α
299 936 397 1002 Nunc
415 937 534 1001 mentis
547 957 626 1024 cape
642 952 718 1001 vota
730 959 827 1018 meae,
839 937 953 1002 Thetis
967 963 976 1003 ε
991 940 1127 1030 impiger
1141 943 1236 1008 heros

230 1052 393 1142 Perpetuo
409 1069 558 1117 nostrum
571 1051 716 1139 suspexit
733 1073 858 1116 numen
873 1054 980 1118 Iason.

231 1169 324 1231 Dona
337 1167 393 1256 pio
410 1189 547 1255 pensare
561 1166 642 1231 libet
658 1187 753 1230 nunc
768 1165 875 1230 debita
889 1167 991 1232 cultu.

230 1279 274 1343 Ut
286 1280 378 1367 prius
391 1280 513 1346 insanis
528 1296 689 1344 errantem
706 1277 860 1344 fluetibus
874 1281 961 1370 Argo
1224 1304 1257 1340 ω

229 1394 375 1477 Servavi,
401 1395 538 1484 supplex
554 1417 673 1482 meque
691 1394 725 1458 in
747 1408 803 1458 tua
823 1415 923 1483 regna
939 1397 1067 1482 recepi,

230 1507 410 1596 Eripuique
423 1509 520 1574 maris
538 1531 624 1573 oteco
639 1508 747 1573 collisa
762 1508 874 1572 furore

228 1623 325 1686 Arma
337 1623 414 1687 ratis
429 1639 593 1712 postrema
606 1646 720 1705 sacre,
735 1623 810 1688 licet
824 1623 924 1712 ignis,
938 1639 971 1687 et
986 1624 1054 1714 igni

228 1735 344 1802 Juncta
356 1739 497 1827 procella
508 1739 612 1804 levem
624 1738 839 1828 praestinxerit
852 1753 927 1802 ante
940 1739 1137 1806 columbam.

228 1852 327 1916 Nunc
338 1876 472 1942 quoque
488 1853 594 1942 Scylla
609 1875 706 1942 rapax
716 1899 726 1935 ,
737 1852 873 1917 canibus
885 1853 1050 1918 succincta
1065 1858 1255 1939 munimento

226 1965 451 2056 Emctensque
468 1968 551 2032 imos
569 1966 687 2033 fluctus
699 1966 855 2032 sulcanda
868 1967 1063 2056 Charybdim

207 2085 208 2088 ’
227 2077 381 2169 Protege,
403 2081 494 2160 dira,
509 2083 596 2148 viros
612 2107 620 2148 ι
637 2082 717 2171 quid
734 2105 801 2146 non
815 2082 872 2146 abs
886 2098 918 2148 te
933 2084 1087 2173 impetret
1102 2111 1165 2151 una

227 2195 315 2258 luno
329 2195 407 2260 tua?
422 2197 580 2262 infantem
596 2196 693 2262 dilexi
712 2197 880 2285 protinus,
905 2213 938 2262 et
952 2214 988 2262 tu

225 2307 298 2372 Solu
314 2312 469 2376 recusasti
486 2313 608 2376 lectum
625 2327 783 2376 temerare
793 2311 951 2401 jugalem,

225 2425 339 2508 Quum
358 2439 465 2491 tamen
485 2425 663 2492 immodico
681 2441 825 2514 captaret
840 2427 990 2515 luppiter
1007 2444 1097 2510 astu,
1213 2451 1250 2488 ‚nt

223 2540 371 2629 luppiter
392 2540 507 2605 insano
531 2563 659 2630 semper
681 2557 850 2630 correptus
868 2562 998 2619 amore,
1150 2514 1151 2524 ἵ

223 2657 425 2747 Altemoque
438 2658 524 2722 initu
544 2657 678 2747 genialia
696 2656 815 2721 foedera
830 2656 977 2720 turbans.

223 2773 289 2856 Qui
305 2773 451 2862 qtmmvis
468 2772 592 2863 Stygias
606 2772 702 2838 toties
715 2770 870 2852 juraverit
888 2767 1010 2851 undat,

222 2886 352 2951 Misceri
367 2909 405 2952 se
416 2887 502 2950 nolle
517 2886 595 2966 tibi,
613 2885 719 2975 Stygis
737 2901 832 2948 antra
851 2903 960 2948 severa

221 3001 414 3089 spernebat,
437 3009 563 3066 natum
577 3001 764 3066 stimulabat
777 3021 860 3064 ceca
872 2995 986 3062 libido.
1208 3019 1246 3057 e„

222 3116 334 3180 Donec
346 3138 422 3180 eum
435 3113 618 3180 veneranda
632 3114 765 3180 Themis
784 3112 986 3201 compescuit
1002 3135 1058 3176 ore

220 3229 373 3295 Fatieeno
387 3252 396 3296 t
412 3260 425 3286 κ
437 3248 698 3318 quemcumque,
711 3229 834 3318 inquit,
852 3226 964 3292 Thetis
980 3228 1063 3292 alma
1078 3228 1178 3294 cubili

221 3344 386 3421 lunxerit,
403 3345 459 3410 ille
473 3367 534 3409 suo
553 3344 655 3424 major
673 3344 823 3434 genitore
836 3342 968 3406 fleturus

220 3459 376 3524 Nascetur
396 3459 598 3548 quicumque
615 3458 713 3540 dee»;
739 3473 820 3521 tuno
837 3454 934 3520 solvit
951 3477 1111 3535 amorem,

198 3564 270 3644 'Ne
288 3578 374 3643 loret
388 3578 423 3642 in
440 3577 517 3643 caelo
538 3593 614 3668 post
629 3577 694 3642 ulla
712 3573 858 3665 potentia
879 3573 993 3653 major.
1176 3661 1177 3664 Ἴ
1205 3591 1245 3630 3³5

219 3696 278 3759 Ast
299 3717 380 3783 ego,
400 3715 472 3782 qum
490 3693 581 3759 taedis
601 3713 741 3782 presunt
761 3688 821 3754 dea
834 3687 903 3752 sole
918 3685 1059 3765 maritis,

218 3811 341 3900 Sponte
359 3808 420 3875 tihi
437 3831 546 3900 regem
561 3807 684 3874 delecta
706 3828 745 3870 ex
765 3803 853 3891 pube
867 3800 972 3865 dicavi

218 3923 427 4014 Argolicum3'
448 3923 594 3989 thalamis
610 3922 731 3988 etenim
745 3917 918 4010 gaudebis;
939 3929 972 3978 et
986 3929 1057 3977 orta

218 4039 393 4129 Progenies
406 4039 542 4104 rutilum
560 4039 627 4103 celi
643 4053 692 4104 est
708 4051 845 4102 ventura
862 4032 924 4098 sub
942 4051 1044 4094 axem.

217 4159 302 4222 Ante
315 4174 391 4223 tuos
404 4157 562 4223 thalamos
576 4157 702 4221 cunctis
716 4155 757 4220 de
769 4175 861 4218 more
874 4149 993 4248 vocatis
1202 4169 1242 4213 no
