3102 5128
400 529 459 608 148
497 527 551 592 ΙΝ
580 526 669 590 Llll.
693 523 960 589 SEPTIMUM
994 527 1403 596 ARGONAUTICON

394 640 480 714 quod,
489 657 572 712 quum
581 636 636 690 duo
646 645 732 690 naute
742 635 922 702 nominentur,
933 635 1001 690 dnos
1011 649 1102 710 portus
1112 639 1139 690 in
1151 638 1241 694 animo
1250 639 1372 696 habuisse
1380 653 1456 714 poete

394 725 505 780 videtur.
520 723 661 794 AEgyptum
674 719 763 792 itaque
773 719 855 772 nolim
865 719 983 784 excludi,
1001 733 1139 795 totumque
1151 723 1254 789 locum,
1264 725 1298 776 its
1319 737 1407 779 tumen
1428 735 1459 779 ut

396 814 507 863 leniusve
515 819 542 860 et
550 810 672 856 clarumve
680 799 765 874 legere
774 803 866 868 liceat,
876 806 913 858 sic
924 805 1093 859 intellexerim
1104 827 1111 859 ι
1122 807 1182 860 Nou
1191 807 1228 860 ita
1237 819 1324 880 stupet
1334 809 1460 862 Etruscus

395 896 565 968 guberuator,
581 889 629 962 qui
643 899 749 960 portum
761 887 881 955 Tiberis,
898 907 947 942 neo
962 890 1067 942 lonium
1086 909 1159 943 mare
1178 893 1394 964 transnavigans,
1411 893 1459 966 qui

397 981 497 1030 Pleuron
514 977 608 1026 cleram
625 990 711 1024 serene
727 991 797 1032 arce,
817 971 921 1042 ignibus
941 973 1117 1026 collustratum
1130 974 1235 1039 turrim,
1240 995 1360 1044 praeceps,
1373 975 1460 1048 plenis

398 1061 479 1124 velis,
490 1061 570 1118 sulit't,
588 1074 671 1128 prope
687 1055 809 1118 accessit,
826 1055 854 1106 in
871 1073 903 1107 eo
915 1055 974 1119 luit,
987 1065 1017 1107 ut
1030 1056 1157 1122 intraret,
1171 1077 1292 1125 nusquam
1309 1062 1375 1111 ostiu
1390 1059 1461 1124 mli,

397 1163 517 1211 nusquam
527 1143 676 1205 Ausonium,
688 1135 806 1199 Italiam,
819 1140 898 1198 videt,
917 1152 942 1188 et
953 1137 1066 1202 (melltta
1086 1141 1134 1201 et)
1150 1157 1225 1190 scevae
1240 1141 1356 1190 medere
1367 1142 1474 1205 (videt),

397 1233 492 1296 Syrte„
507 1224 541 1278 sd
552 1224 642 1277 brevia
654 1223 696 1275 illa
710 1240 819 1276 arenosa
830 1221 926 1274 Alricss
937 1239 994 1273 esse
1004 1237 1032 1272 se
1043 1219 1173 1272 reflamus.
1184 1247 1197 1268 ι

433 1312 500 1383 Apte
512 1309 630 1380 pingitur
641 1305 687 1360 illu
705 1305 899 1377 comparatione
911 1303 1014 1358 latonia
1026 1303 1108 1356 animi
1119 1305 1243 1370 allectio,
1256 1305 1302 1378 qui
1321 1324 1348 1359 se
1358 1305 1464 1360 velleris

399 1390 473 1446 aurei
487 1393 595 1464 jamjam
616 1399 764 1460 compotem
783 1405 851 1449 esse,
870 1387 925 1449 rel,
943 1397 973 1439 ut
987 1403 1018 1439 ea
1036 1387 1280 1459 utar-metaphora,
1298 1408 1351 1461 qua
1370 1403 1465 1444 auctor

399 1492 463 1528 nsua
476 1485 516 1526 est
527 1470 741 1545 comparatione,
750 1481 857 1543 portum
869 1473 923 1545 jam
939 1482 1029 1522 tenere
1040 1469 1168 1524 erederet.
1179 1471 1291 1528 Ovidius
1302 1473 1339 1526 uit
1349 1471 1383 1528 de
1396 1493 1466 1528 nave

401 1575 475 1629 quas,
494 1573 576 1628 φιιιιιι
593 1555 621 1610 ἰιι
638 1573 670 1610 eo
687 1565 764 1619 essct,
783 1566 812 1606 ut
830 1566 936 1626 portum
955 1553 1074 1619 subiret,
1092 1555 1121 1608 in
1137 1555 1219 1608 altum
1232 1557 1360 1630 rejicitur,
1372 1561 1466 1612 Amor.

401 1639 613 1710 mmmmm

542 1766 574 1812 Ut
585 1764 686 1817 subitus,
698 1779 773 1826 prope
781 1766 829 1826 jam
841 1780 925 1826 prensa
938 1765 1035 1820 tellure,
1047 1765 1148 1812 carinam

585 1841 730 1900 Tangentem
741 1849 825 1900 portus
835 1849 919 1886 ventus
930 1838 955 1884 iu
966 1840 1013 1886 alta
1023 1839 1092 1900 rapit.

404 1989 463 2040 Nou
477 1998 562 2058 potest
578 1985 622 2039 ille
636 1983 711 2038 locus
724 1986 752 2038 iu
769 1985 903 2054 Curriouis
914 1985 1029 2039 editione
1041 1985 1169 2058 intelligi,
1184 1986 1226 2040 cui
1238 1986 1314 2039 nimis
1325 1988 1470 2060 obseqnuti

405 2081 465 2124 snut
480 2069 602 2122 lleiusius
614 2087 645 2122 nc
660 2065 835 2121 Burmitnnos.
845 2069 934 2122 Potior
945 2083 983 2124 est
999 2081 1025 2122 et
1043 2069 1180 2142 archetypi
1192 2068 1290 2124 codicis
1303 2089 1318 2123 n
1331 2072 1404 2124 litera
1418 2073 1469 2124 mi·
1540 2103 1543 2110 ·

407 2154 480 2206 nimo
492 2151 580 2206 miuus
591 2149 693 2206 abludit
704 2171 817 2224 sequeus
826 2153 919 2207 lectio:

545 2281 598 2326 llou
610 2280 640 2326 ita
650 2281 784 2340 Tyrrhenus
794 2289 874 2343 stupet
882 2282 1009 2343 loniusque
1020 2283 1145 2344 magister,

456 2378 459 2386 ι
545 2355 593 2412 Qul
602 2356 651 2416 iam
664 2365 699 2408 te,
710 2354 832 2410 liberine,
844 2365 926 2410 tuens,
937 2357 1069 2418 claramque
1081 2372 1163 2405 serena

542 2431 607 2490 „Ares
617 2429 721 2490 phet-ou,
730 2445 835 2492 preceps
846 2430 936 2488 subito,
947 2447 1062 2492 nusquam
1073 2432 1143 2486 ostia,
1155 2447 1270 2494 umqum

547 2504 673 2550 Ausoniam
684 2503 761 2560 ridet,
770 2513 873 2552 etseras
884 2504 995 2554 secedere
1003 2506 1090 2566 Syrtes.

410 2663 516 2726 meeps
526 2657 682 2711 sententium
691 2656 799 2710 turbare
809 2657 962 2711 Burmanuo
971 2656 1122 2722 videbatur,
1132 2655 1205 2730 quod
1218 2655 1290 2709 hunc
1301 2657 1388 2708 locum
1399 2673 1478 2708 secus

411 2740 612 2812 interpungebat
620 2759 628 2794 ι
634 2759 745 2809 preceps
756 2758 852 2812 nempe
862 2739 934 2794 idem
947 2752 985 2796 cst
999 2740 1071 2812 qnod
1084 2745 1197 2808 abreptus
1209 2739 1332 2794 nimirum
1346 2738 1477 2808 procelle.

410 2830 499 2876 Serena
508 2841 561 2878 nou
572 2835 658 2896 potest
667 2822 823 2896 significare,
831 2823 1049 2878 ntcensctllnrm.
1058 2826 1146 2885 lucida,
1153 2826 1219 2892 ignes
1227 2825 1353 2874 ostendens
1360 2843 1370 2878 .-
1377 2842 1428 2872 αντ
1438 2841 1475 2872 ss·

411 2906 504 2960 meh.
511 2907 529 2960 l.
538 2926 592 2960 nou
599 2917 638 2960 est
647 2910 732 2968 turris,
741 2905 787 2958 sed
797 2904 1127 2979 eoelum,quemndmodum
1133 2904 1288 2959 laocanerii
1296 2903 1405 2970 looo‚V,
1414 2905 1478 2957 305:

413 2993 525 3060 Qualiter
534 3011 567 3042 ex
583 2995 637 3042 alta
648 3009 722 3058 quum
737 2993 833 3059 Jupiter
846 3009 903 3042 aree
913 3005 1033 3042 coruscat.
1048 2995 1104 3040 Arx
1113 2987 1191 3062 igitur
1201 3007 1286 3040 serem
1297 2987 1335 3040 uil
1347 2986 1422 3038 aliud
1436 2999 1479 3040 est

413 3092 494 3145 quarn
505 3077 723 3134 carlummannum,
739 3073 813 3144 quod
827 3074 887 3128 sinit
899 3086 987 3145 operte
1000 3073 1117 3146 conspici
1128 3072 1220 3126 turrim
1240 3074 1352 3140 (cleram
1358 3073 1481 3138 pluton)

413 3157 447 3212 ad
468 3157 563 3210 ostium
584 3157 686 3210 Tiberis
708 3168 877 3210 exstructum.
896 3157 973 3212 Hanc
994 3168 1111 3212 erexerat
1134 3155 1261 3210 Claudius
1282 3154 1484 3225 inexemplum

414 3239 596 3294 Alexandriae
611 3239 687 3292 Phari
696 3241 707 3308 (
716 3237 770 3292 rid.
781 3240 887 3294 Suetou.
902 3240 995 3295 Claud.
1009 3259 1067 3312 cap.
1083 3259 1115 3294 so
1126 3243 1148 3312 ),
1159 3253 1189 3293 ut
1198 3239 1233 3294 ad
1248 3251 1393 3296 nocturnos
1405 3239 1484 3309 ignes

417 3341 526 3378 cursum
538 3323 644 3395 navigia
657 3323 808 3395 dirigerent.

453 3481 486 3532 V.
501 3482 544 3550 87.
557 3485 617 3531 Τιιιιι
627 3495 720 3541 tnnsen,
735 3481 838 3552 infando
850 3500 906 3548 quse
917 3484 959 3533 det
968 3501 1082 3550 response
1095 3497 1210 3548 manno,
1267 3519 1276 3540 ,

561 3565 664 3631 Colligit.

420 3683 487 3749 Quas
505 3682 538 3734 sit
552 3680 592 3735 ris
605 3682 679 3734 verbi
688 3687 781 3754 colligit
790 3665 854 3738 licet
863 3683 926 3740 inde
939 3685 1096 3758 intelligere,
1112 3685 1186 3759 qnod
1197 3706 1229 3740 eo
1243 3705 1295 3738 non
1306 3685 1384 3738 semel
1398 3685 1488 3738 utitur

420 3767 564 3840 Virgilius,
579 3767 625 3820 ubi
648 3767 706 3840 quis
723 3787 814 3823 omues
835 3769 921 3836 vires,
942 3789 1082 3825 omnemne
1112 3770 1298 3844 prudentiam,
1319 3768 1373 3822 sive
1399 3787 1489 3840 oppu-

422 3848 520 3925 gnandi
530 3851 585 3905 sive
595 3853 781 3924 propugnandi
791 3872 871 3908 censo
880 3891 888 3918 ,
897 3853 1043 3926 recolligit3
1057 3875 1087 3908 er
1102 3875 1141 3928 gr.
1153 3858 1214 3909 AEu.
1225 3857 1260 3917 X,
1270 3861 1337 3918 4123
1350 3852 1403 3904 ΧΠ
1423 3859 1488 3921 49ι.

458 4009 492 4062 V.
510 4005 566 4060 103.
577 4013 611 4059 At
627 4010 736 4076 trepida,
752 4024 776 4060 es
787 4012 877 4060 meds'os
893 4012 956 4060 inter
971 4013 1066 4062 deserte
1078 4007 1347 4080 pereutere-Medea,
1363 4009 1491 4080 quemvis

424 4091 492 4144 inter
500 4105 635 4164 parentes,
648 4090 703 4146 sole
718 4092 769 4146 sibi
780 4090 883 4146 videtur
900 4093 1028 4167 relinqui,
1047 4095 1198 4150 discedente
1215 4095 1278 4161 illo,
1294 4094 1340 4166 qui
1355 4094 1408 4164 jum
1427 4105 1491 4144 turn

424 4173 474 4244 ipsi
486 4188 524 4228 est
536 4195 604 4228 unus
618 4175 736 4240 omnium
754 4175 830 4229 loco:
846 4176 867 4228 is
884 4188 922 4228 est
937 4197 1029 4232 seusus
1044 4179 1116 4234 vocis
1128 4183 1237 4240 erema,
1250 4197 1329 4250 qnam
1343 4195 1398 4230 uon
1411 4175 1494 4228 intel-

425 4255 488 4310 lexit
498 4260 671 4331 Wagnerus,
683 4271 795 4314 autnon
808 4261 869 4316 setis
884 4261 1018 4336 explicuit.
