3220 5124
274 469 342 556 ‚398
653 469 953 538 ulrnnoons

273 591 388 658 confici
407 608 531 680 posset,
546 591 634 678 quod
649 615 687 655 ex
703 592 830 658 duabus
844 593 947 656 hretia
964 615 1062 656 unam
1080 593 1234 679 reperisse
1243 593 1334 658 Nau·

264 699 382 785 putam,
397 699 528 764 alteram
538 699 704 764 Thaletem
716 697 802 768 dicat
810 699 923 762 Theon
938 697 978 762 ad
994 698 1082 762 Arati
1098 697 1204 763 Phren.
1217 721 1262 762 rs.
1280 723 1331 785 27.

274 802 428 868 Praeterea
445 803 540 866 etiam
557 817 667 866 noster
683 802 782 866 Poeta
797 802 887 866 hunc
899 801 1073 891 Nauplticm
1089 802 1273 868 confudisse
1284 805 1332 868 ri-

272 907 368 972 detur
385 930 460 972 oum
477 907 540 972 alio
553 906 729 973 Palamedis
746 923 853 998 patre,
868 907 923 971 lib.
936 908 967 988 1,
988 905 1063 994 371,
1075 907 1132 994 qui
1147 915 1255 974 tamen
1271 907 1333 974 fuit

273 1013 449 1095 Euboicus,
465 1035 569 1099 quum
581 1027 693 1076 noster
705 1012 841 1099 Argivus
854 1010 980 1080 dicatur
990 1011 1030 1076 ah
1045 1013 1190 1101 Hygino,
1201 1013 1268 1077 lah.
1282 1017 1331 1094 14,

272 1137 305 1184 et
332 1119 508 1184 Scholiaste
535 1117 700 1206 Euripidis
724 1118 746 1182 l.
776 1120 797 1185 l.
829 1117 1047 1208 Apollodorus
1071 1119 1183 1198 edam,
1207 1118 1261 1182 lib.
1281 1120 1331 1200 11,

272 1247 342 1314 cap.
361 1248 390 1307 1,
405 1223 466 1306 55,
480 1223 593 1288 itidem
607 1222 891 1290 confundit.'Nam
908 1223 996 1288 hunc
1015 1223 1195 1312 Nauplium
1206 1223 1332 1312 Clyme·
1370 1251 1373 1262 ·

273 1353 348 1406 nen,
363 1329 452 1396 Atrei
467 1329 576 1410 filiam,
590 1329 652 1410 vel,
669 1343 707 1391 ut
720 1328 783 1409 alii,
800 1327 974 1416 Philyram,
984 1326 1112 1394 duxisse
1129 1345 1255 1409 narrat3
1269 1329 1329 1409 rel,

271 1459 309 1500 ex
325 1435 484 1501 sententia
498 1433 659 1521 Cercopis,
670 1433 834 1498 Hesionen
848 1434 988 1520 cepisse,
1008 1456 1047 1501 ex
1064 1455 1127 1520 qua
1140 1431 1329 1500 Palameden

271 1557 304 1606 et
317 1541 395 1604 alios
410 1539 532 1629 genuit,
544 1539 601 1626 qui
610 1539 700 1604 loeus
712 1537 887 1608 mendosus
898 1555 946 1602 est
957 1564 966 1621 3
979 1560 1054 1604 nam
1066 1539 1219 1626 Clymene
1228 1539 1329 1618 Atrei,
1423 1575 1427 1582 ·

271 1647 386 1728 Ιτρίως,
402 1645 466 1713 lilia
482 1643 611 1724 dicium,
627 1659 665 1712 ut
680 1643 776 1708 etiam
793 1643 910 1732 legitur
925 1641 1012 1732 apud
1027 1643 1134 1710 Schol.
1149 1641 1329 1732 Euripidis,

270 1755 375 1816 Orest.
391 1751 476 1833 432,
494 1773 567 1838 quae
581 1751 636 1814 lib.
653 1748 723 1832 Ill,
742 1771 811 1837 cap.
828 1771 878 1831 ιι,
894 1759 910 1825 ς
926 1773 963 1830 a,
982 1749 1100 1816 dicitur
1116 1749 1237 1814 creater·
1252 1749 1328 1830 lilia,

269 1859 326 1945 qui
345 1867 457 1938 κρατιὺς
474 1857 570 1920 etiam
590 1854 710 1920 ibidem
727 1853 861 1936 dicitur,
878 1854 998 1921 Minois
1013 1853 1108 1920 filius.
1126 1853 1190 1920 Sed
1205 1877 1331 1943 semper

271 1964 386 2030 Craton
403 1963 510 2028 vocari
527 1961 664 2043 debere,
690 1959 802 2027 docuit
821 1961 982 2026 llleursius
1005 1961 1038 2026 in
1058 1961 1167 2043 Crem,
1186 1961 1242 2026 lib.
1260 1962 1328 2044 111,

270 2091 338 2158 cap.
353 2069 390 2150 ὃς
414 2084 447 2132 et
462 2068 507 2132 ita
526 2067 604 2132 MSS
620 2066 757 2146 habere,
781 2081 872 2130 notat
887 2066 950 2138 Th.
966 2065 1100 2146 Galeus,
1123 2081 1155 2130 et
1167 2053 1271 2131 Tacta„
1289 2066 1329 2131 ad

269 2174 430 2263 Lycophr.
451 2173 515 2249 384
531 2188 618 2238 recte
639 2171 745 2237 tradit.
770 2171 846 2238 llaec
869 2171 1022 2259 Clymene
1040 2171 1101 2235 suit
1120 2184 1222 2238 mater
1239 2171 1329 2236 Pala·

269 2278 390 2360 medis,
416 2280 510 2359 cujus
533 2299 626 2344 soror
643 2277 781 2365 AErope,
808 2277 962 2344 Plistheni
986 2293 1107 2365 nupta,
1130 2275 1233 2342 edidit'
1253 2279 1330 2366 Aga-

270 2407 445 2453 memnona
462 2398 495 2446 et
509 2383 714 2464 Menelaum3
734 2382 823 2452 unde
844 2406 863 2447 a
888 2381 986 2448 Suida
1005 2381 1190 2448 Palamedes
1211 2382 1330 2450 dicitur

268 2501 363 2572 ἀνιψιὸς
384 2491 644 2580 Agamemnonis.
668 2493 740 2580 lpse
765 2492 859 2558 etiam
876 2489 1029 2578 Virgilius
1041 2489 1197 2578 Nauplios
1212 2490 1328 2556 conlu-

267 2596 353 2662 disse
367 2595 513 2676 videtur,
536 2619 639 2684 quum
656 2595 848 2664 Palameden
865 2595 995 2662 Bentian
1013 2612 1107 2660 vocet
1126 2596 1181 2660 lib.
1201 2596 1253 2678 ll,
1271 2596 1327 2674 823

267 2705 450 2790 Amymone
469 2701 574 2779 enim,
591 2701 693 2766 Danai
710 2699 784 2782 lilia,
802 2701 867 2769 Beli
883 2701 988 2788 neptis
1006 2715 1088 2781 erat,
1108 2700 1165 2764 uhi
1181 2701 1328 2781 Servius,

268 2807 479 2895 Apollonium
501 2823 678 2894 sequutus,
701 2803 796 2886 dicit,
826 2828 901 2870 eum
927 2805 1064 2893 septimo
1087 2804 1227 2895 medua
1249 2807 1326 2868 Belo

268 2911 402 2992 distare,
428 2933 500 2998 quae
527 2908 641 2975 iisdem
665 2933 758 2997 paene
781 2911 887 2974 verbis
910 2909 1008 2974 habet
1023 2911 1170 2975 Lutatius
1187 2909 1226 2974 ad
1246 2909 1324 2973 Stat.

267 3017 384 3082 Achill.
395 3017 428 3096 1,
445 3037 503 3101 92,
521 3037 624 3102 quum
642 3032 750 3080 tamen
766 3037 804 3078 ex
822 3013 1010 3102 Apollodori
1025 3015 1115 3097 loeo,
1138 3039 1213 3082 mox
1226 3013 1328 3078 addu-

267 3138 336 3198 cto,
360 3137 485 3184 tantum
508 3137 624 3206 quarto
650 3119 752 3208 gradu
777 3121 894 3187 distare
911 3119 1060 3188 efficitur.
1086 3121 1119 3184 si
1143 3144 1219 3186 vero
1240 3121 1330 3186 Nua-

258 3227 370 3315 plium
379 3225 536 3288 minorem
550 3223 649 3288 fuisse
661 3241 785 3310 patrem
798 3223 974 3288 Palamedis
985 3241 1162 3290 statuamus
1178 3249 1216 3290 ex
1230 3241 1328 3290 stem·

265 3346 351 3396 mate
364 3329 543 3417 Apollonii,
565 3347 654 3403 nono
665 3328 797 3415 quidem
812 3327 914 3418 gradu
933 3328 1072 3394 distabit.
1090 3332 1236 3396 Lutatius
1253 3355 1328 3394 vero

265 3434 307 3503 ad
320 3437 398 3500 Stat.
412 3435 513 3501 Theb.
526 3434 576 3513 11,
596 3433 676 3513 432,
688 3433 750 3514 Vl,
764 3433 838 3514 288,
852 3434 1026 3522 Nauplistm
1039 3435 1192 3516 majorem
1203 3453 1327 3524 patrem

266 3538 443 3604 Palamedis
456 3539 583 3620 statuit,
603 3555 641 3602 ut
657 3537 891 3625 Apollodorum
907 3538 1020 3604 fecisse
1034 3539 1184 3608 vidimus.
1201 3541 1329 3606 Abeunt

267 3661 372 3710 tamen
391 3645 443 3708 illa
460 3645 573 3722 verba,
591 3667 663 3731 quae
684 3643 874 3716 Palameden
899 3667 938 3708 ex
952 3643 1091 3732 Nauplio
1112 3663 1223 3711 natum
1247 3646 1329 3711 indi-

265 3766 358 3832 cant,
377 3751 417 3814 ab
439 3749 557 3838 Hygini
582 3750 688 3814 lahula
716 3747 796 3834 159,
816 3771 913 3836 quam
936 3749 1139 3837 descripsisse
1163 3752 1327 3816 Lutatium

265 3857 462 3924 Munclrerus
479 3857 610 3920 notavit.
631 3855 792 3920 Morerius
808 3857 841 3920 in
865 3856 965 3920 lexico
983 3879 1044 3920 suo
1066 3875 1223 3922 memorat
1240 3859 1329 3923 Nart-

258 3965 364 4052 plt'um
380 3960 576 4044 secundum,
591 3985 689 4048 quem
706 3961 833 4049 Seriphi
850 3977 881 4027 et
897 3961 1027 4026 Euboeae
1046 3963 1092 4048 (ι)
1109 3986 1216 4052 regem
1232 3965 1327 4046 lacit,

300 4201 337 4264 (ι)
355 4197 455 4266 Maiore
469 4196 546 4249 etiam
561 4195 729 4268 inquisitione
743 4195 822 4268 digna
834 4210 908 4262 sunt,
921 4216 981 4269 qun
996 4198 1029 4252 de
1038 4204 1158 4267 Nauplio,
1182 4205 1285 4268 Begenes
1299 4201 1329 4252 in
