<?xml version="1.0" encoding="UTF-8"?>
<!DOCTYPE html PUBLIC "-//W3C//DTD XHTML 1.0 Transitional//EN"
    "http://www.w3.org/TR/xhtml1/DTD/xhtml1-transitional.dtd">
<html xmlns="http://www.w3.org/1999/xhtml" xml:lang="en" lang="en">
 <head>
  <title>
</title>
<meta http-equiv="Content-Type" content="text/html;charset=utf-8" />
  <meta name='ocr-system' content='tesseract 3.04.00' />
  <meta name='ocr-capabilities' content='ocr_page ocr_carea ocr_par ocr_line ocrx_word'/>
</head>
<body>
  <div class='ocr_page' id='page_1' title='image "./cvaleriiflaccis01apolgoog_0317.png"; bbox 0 0 3150 5126; ppageno 0'>
   <div class='ocr_carea' id='block_1_1' title="bbox 352 509 977 578">
    <p class='ocr_par' dir='ltr' id='par_1_1' title="bbox 352 509 977 578">
     <span class='ocr_line' id='line_1_1' title="bbox 352 509 977 578; baseline -0.002 -1"><span class='ocrx_word' id='word_1_1' title='bbox 352 511 415 578; x_wconf 83' lang='lat'>316</span> <span class='ocrx_word' id='word_1_2' title='bbox 792 509 977 578; x_wconf 77' lang='lat' dir='ltr'>OllPlllil</span> 
     </span>
    </p>
   </div>
   <div class='ocr_carea' id='block_1_2' title="bbox 255 639 1419 4302">
    <p class='ocr_par' dir='ltr' id='par_1_2' title="bbox 255 639 1419 4302">
     <span class='ocr_line' id='line_1_2' title="bbox 437 639 1312 732; baseline 0.001 -26"><span class='ocrx_word' id='word_1_3' title='bbox 437 639 614 730; x_wconf 82' lang='lat' dir='ltr'>Postquam</span> <span class='ocrx_word' id='word_1_4' title='bbox 630 643 734 732; x_wconf 79' lang='lat' dir='ltr'>Argus</span> <span class='ocrx_word' id='word_1_5' title='bbox 748 663 862 708; x_wconf 82' lang='lat' dir='ltr'>vocem</span> <span class='ocrx_word' id='word_1_6' title='bbox 873 665 949 708; x_wconf 81' lang='lat' dir='ltr'>vcra</span> <span class='ocrx_word' id='word_1_7' title='bbox 961 641 1113 714; x_wconf 73' lang='lat' dir='ltr'>audivere</span> <span class='ocrx_word' id='word_1_8' title='bbox 1126 643 1312 732; x_wconf 83' lang='lat' dir='ltr'>loquentis,</span> 
     </span>
     <span class='ocr_line' id='line_1_3' title="bbox 393 753 1201 848; baseline 0.002 -26"><span class='ocrx_word' id='word_1_9' title='bbox 393 753 578 822; x_wconf 73' lang='lat' dir='ltr'>Consedere</span> <span class='ocrx_word' id='word_1_10' title='bbox 593 755 649 822; x_wconf 87' lang='lat' dir='ltr'>citi</span> <span class='ocrx_word' id='word_1_11' title='bbox 664 757 699 820; x_wconf 92' lang='lat' dir='ltr'>in</span> <span class='ocrx_word' id='word_1_12' title='bbox 715 757 880 840; x_wconf 83' lang='lat' dir='ltr'>transtris,</span> <span class='ocrx_word' id='word_1_13' title='bbox 896 780 1070 848; x_wconf 89' lang='lat' dir='ltr'>remosque</span> <span class='ocrx_word' id='word_1_14' title='bbox 1086 757 1201 825; x_wconf 85' lang='lat' dir='ltr'>tulere.</span> 
     </span>
     <span class='ocr_line' id='line_1_4' title="bbox 393 869 1119 964; baseline 0.003 -28"><span class='ocrx_word' id='word_1_15' title='bbox 393 875 438 936; x_wconf 78' lang='lat' dir='ltr'>At</span> <span class='ocrx_word' id='word_1_16' title='bbox 453 869 554 935; x_wconf 90' lang='lat' dir='ltr'>multa</span> <span class='ocrx_word' id='word_1_17' title='bbox 571 871 707 936; x_wconf 72' lang='lat' dir='ltr'>Ancaeus</span> <span class='ocrx_word' id='word_1_18' title='bbox 726 885 892 938; x_wconf 90' lang='lat' dir='ltr'>temonem</span> <span class='ocrx_word' id='word_1_19' title='bbox 911 869 1021 964; x_wconf 82' lang='lat' dir='ltr'>dirigit</span> <span class='ocrx_word' id='word_1_20' title='bbox 1035 889 1119 956; x_wconf 87' lang='lat' dir='ltr'>arte,</span> 
     </span>
     <span class='ocr_line' id='line_1_5' title="bbox 394 985 1419 1076; baseline 0 -26"><span class='ocrx_word' id='word_1_21' title='bbox 394 985 570 1074; x_wconf 82' lang='lat' dir='ltr'>insulaque</span> <span class='ocrx_word' id='word_1_22' title='bbox 586 999 662 1050; x_wconf 87' lang='lat' dir='ltr'>ante</span> <span class='ocrx_word' id='word_1_23' title='bbox 679 1006 794 1051; x_wconf 86' lang='lat' dir='ltr'>omncs</span> <span class='ocrx_word' id='word_1_24' title='bbox 810 985 950 1052; x_wconf 79' lang='lat' dir='ltr'>offertur</span> <span class='ocrx_word' id='word_1_25' title='bbox 965 987 1088 1070; x_wconf 76' lang='lat' dir='ltr'>imnis,</span> <span class='ocrx_word' id='word_1_26' title='bbox 1104 1002 1137 1052; x_wconf 93' lang='lat' dir='ltr'>et</span> <span class='ocrx_word' id='word_1_27' title='bbox 1155 988 1244 1076; x_wconf 78' lang='lat' dir='ltr'>Argo</span> <span class='ocrx_word' id='word_1_28' title='bbox 1373 1019 1419 1058; x_wconf 72' lang='lat'>1170</span> 
     </span>
     <span class='ocr_line' id='line_1_6' title="bbox 395 1099 1278 1194; baseline 0.002 -30"><span class='ocrx_word' id='word_1_29' title='bbox 395 1099 585 1190; x_wconf 73' lang='lat' dir='ltr'>insequitur</span> <span class='ocrx_word' id='word_1_30' title='bbox 600 1117 749 1166; x_wconf 86' lang='lat' dir='ltr'>metuens</span> <span class='ocrx_word' id='word_1_31' title='bbox 764 1117 867 1167; x_wconf 78' lang='lat' dir='ltr'>atram</span> <span class='ocrx_word' id='word_1_32' title='bbox 885 1124 953 1168; x_wconf 90' lang='lat' dir='ltr'>non</span> <span class='ocrx_word' id='word_1_33' title='bbox 972 1103 1068 1168; x_wconf 89' lang='lat' dir='ltr'>stulta</span> <span class='ocrx_word' id='word_1_34' title='bbox 1082 1101 1278 1194; x_wconf 80' lang='lat' dir='ltr'>procellam3</span> 
     </span>
     <span class='ocr_line' id='line_1_7' title="bbox 395 1213 1282 1306; baseline 0.001 -27"><span class='ocrx_word' id='word_1_35' title='bbox 395 1213 539 1304; x_wconf 80' lang='lat' dir='ltr'>velaque</span> <span class='ocrx_word' id='word_1_36' title='bbox 554 1213 765 1306; x_wconf 80' lang='lat' dir='ltr'>franguntur3</span> <span class='ocrx_word' id='word_1_37' title='bbox 783 1217 886 1282; x_wconf 88' lang='lat' dir='ltr'>currit</span> <span class='ocrx_word' id='word_1_38' title='bbox 900 1233 1009 1283; x_wconf 88' lang='lat' dir='ltr'>tamen</span> <span class='ocrx_word' id='word_1_39' title='bbox 1028 1217 1081 1282; x_wconf 90' lang='lat' dir='ltr'>illa</span> <span class='ocrx_word' id='word_1_40' title='bbox 1095 1239 1156 1306; x_wconf 89' lang='lat' dir='ltr'>pcr</span> <span class='ocrx_word' id='word_1_41' title='bbox 1170 1237 1282 1306; x_wconf 77' lang='lat' dir='ltr'>equor</span> 
     </span>
     <span class='ocr_line' id='line_1_8' title="bbox 395 1333 1247 1426; baseline 0 -26"><span class='ocrx_word' id='word_1_42' title='bbox 395 1333 519 1416; x_wconf 68' lang='grc' dir='ltr'>Λυκίας</span> <span class='ocrx_word' id='word_1_43' title='bbox 537 1333 625 1400; x_wconf 90' lang='lat' dir='ltr'>nulla</span> <span class='ocrx_word' id='word_1_44' title='bbox 641 1334 758 1400; x_wconf 88' lang='lat' dir='ltr'>iterum</span> <span class='ocrx_word' id='word_1_45' title='bbox 776 1334 923 1426; x_wconf 86' lang='lat' dir='ltr'>fugiendi</span> <span class='ocrx_word' id='word_1_46' title='bbox 941 1334 1084 1424; x_wconf 86' lang='lat' dir='ltr'>denique</span> <span class='ocrx_word' id='word_1_47' title='bbox 1099 1335 1155 1400; x_wconf 88' lang='lat' dir='ltr'>leti</span> <span class='ocrx_word' id='word_1_48' title='bbox 1242 1387 1247 1392; x_wconf 94' lang='lat'>.</span> 
     </span>
     <span class='ocr_line' id='line_1_9' title="bbox 397 1445 1335 1538; baseline 0.001 -25"><span class='ocrx_word' id='word_1_49' title='bbox 397 1447 478 1538; x_wconf 84' lang='lat' dir='ltr'>Spes</span> <span class='ocrx_word' id='word_1_50' title='bbox 495 1463 582 1531; x_wconf 89' lang='lat' dir='ltr'>erat,</span> <span class='ocrx_word' id='word_1_51' title='bbox 600 1463 634 1514; x_wconf 92' lang='lat' dir='ltr'>et</span> <span class='ocrx_word' id='word_1_52' title='bbox 648 1445 801 1516; x_wconf 87' lang='lat' dir='ltr'>duodena</span> <span class='ocrx_word' id='word_1_53' title='bbox 816 1448 885 1516; x_wconf 87' lang='lat' dir='ltr'>dies</span> <span class='ocrx_word' id='word_1_54' title='bbox 896 1451 964 1533; x_wconf 87' lang='lat' dir='ltr'>jam</span> <span class='ocrx_word' id='word_1_55' title='bbox 981 1448 1133 1534; x_wconf 84' lang='lat' dir='ltr'>fluxerat,</span> <span class='ocrx_word' id='word_1_56' title='bbox 1150 1471 1190 1514; x_wconf 82' lang='lat' dir='ltr'>ex</span> <span class='ocrx_word' id='word_1_57' title='bbox 1207 1471 1276 1538; x_wconf 86' lang='lat' dir='ltr'>quo</span> <span class='ocrx_word' id='word_1_58' title='bbox 1332 1477 1335 1484; x_wconf 96' lang='lat'>·</span> 
     </span>
     <span class='ocr_line' id='line_1_10' title="bbox 395 1561 1416 1660; baseline -0.002 -32"><span class='ocrx_word' id='word_1_59' title='bbox 395 1563 504 1653; x_wconf 86' lang='lat' dir='ltr'>lgnari</span> <span class='ocrx_word' id='word_1_60' title='bbox 520 1561 671 1628; x_wconf 81' lang='lat' dir='ltr'>vehimur</span> <span class='ocrx_word' id='word_1_61' title='bbox 687 1563 808 1654; x_wconf 83' lang='lat' dir='ltr'>quibus</span> <span class='ocrx_word' id='word_1_62' title='bbox 824 1585 1005 1660; x_wconf 84' lang='lat' dir='ltr'>erraremus</span> <span class='ocrx_word' id='word_1_63' title='bbox 1021 1565 1055 1629; x_wconf 89' lang='lat' dir='ltr'>in</span> <span class='ocrx_word' id='word_1_64' title='bbox 1071 1563 1148 1631; x_wconf 85' lang='lat' dir='ltr'>on&#39;s.</span> <span class='ocrx_word' id='word_1_65' title='bbox 1371 1573 1416 1644; x_wconf 71' lang='lat'>¹¹⁷}</span> 
     </span>
     <span class='ocr_line' id='line_1_11' title="bbox 255 1676 1215 1769; baseline 0.004 -31"><span class='ocrx_word' id='word_1_66' title='bbox 255 1727 262 1738; x_wconf 92' lang='lat'><em>.</em></span> <span class='ocrx_word' id='word_1_67' title='bbox 395 1676 460 1744; x_wconf 89' lang='lat' dir='ltr'>Scd</span> <span class='ocrx_word' id='word_1_68' title='bbox 472 1693 581 1743; x_wconf 88' lang='lat' dir='ltr'>tamen</span> <span class='ocrx_word' id='word_1_69' title='bbox 598 1678 720 1743; x_wconf 77' lang='lat' dir='ltr'>Oceani</span> <span class='ocrx_word' id='word_1_70' title='bbox 736 1694 883 1745; x_wconf 82' lang='lat' dir='ltr'>extremo</span> <span class='ocrx_word' id='word_1_71' title='bbox 900 1701 962 1745; x_wconf 91' lang='lat' dir='ltr'>nos</span> <span class='ocrx_word' id='word_1_72' title='bbox 978 1678 1123 1769; x_wconf 77' lang='lat' dir='ltr'>margine</span> <span class='ocrx_word' id='word_1_73' title='bbox 1138 1677 1215 1742; x_wconf 77' lang='lat' dir='ltr'>ferri</span> 
     </span>
     <span class='ocr_line' id='line_1_12' title="bbox 396 1791 1291 1884; baseline -0.001 -28"><span class='ocrx_word' id='word_1_74' title='bbox 396 1791 564 1882; x_wconf 80' lang='lat' dir='ltr'>Cognomt</span> <span class='ocrx_word' id='word_1_75' title='bbox 576 1791 741 1882; x_wconf 81' lang='lat' dir='ltr'>Lynceus,</span> <span class='ocrx_word' id='word_1_76' title='bbox 762 1809 935 1884; x_wconf 84' lang='lat' dir='ltr'>conspecta</span> <span class='ocrx_word' id='word_1_77' title='bbox 952 1814 1085 1884; x_wconf 84' lang='lat' dir='ltr'>quoque</span> <span class='ocrx_word' id='word_1_78' title='bbox 1100 1793 1229 1863; x_wconf 83' lang='lat' dir='ltr'>eminus</span> <span class='ocrx_word' id='word_1_79' title='bbox 1245 1791 1291 1856; x_wconf 89' lang='lat' dir='ltr'>illi</span> 
     </span>
     <span class='ocr_line' id='line_1_13' title="bbox 289 1905 1148 1999; baseline 0.006 -31"><span class='ocrx_word' id='word_1_80' title='bbox 289 1963 292 1968; x_wconf 90' lang='lat'>.</span> <span class='ocrx_word' id='word_1_81' title='bbox 394 1906 506 1972; x_wconf 88' lang='lat' dir='ltr'>lnsula</span> <span class='ocrx_word' id='word_1_82' title='bbox 520 1905 706 1974; x_wconf 85' lang='lat' dir='ltr'>Peucecssa.</span> <span class='ocrx_word' id='word_1_83' title='bbox 723 1907 851 1973; x_wconf 91' lang='lat' dir='ltr'>Cereris</span> <span class='ocrx_word' id='word_1_84' title='bbox 867 1908 983 1999; x_wconf 87' lang='lat' dir='ltr'>regalia</span> <span class='ocrx_word' id='word_1_85' title='bbox 999 1924 1078 1974; x_wconf 89' lang='lat' dir='ltr'>sunt</span> <span class='ocrx_word' id='word_1_86' title='bbox 1093 1907 1148 1973; x_wconf 87' lang='lat' dir='ltr'>hic</span> 
     </span>
     <span class='ocr_line' id='line_1_14' title="bbox 395 2015 1244 2110; baseline 0.004 -28"><span class='ocrx_word' id='word_1_87' title='bbox 395 2017 511 2110; x_wconf 77' lang='lat' dir='ltr'>Ampla</span> <span class='ocrx_word' id='word_1_88' title='bbox 528 2015 614 2104; x_wconf 81' lang='lat' dir='ltr'>dee,</span> <span class='ocrx_word' id='word_1_89' title='bbox 631 2036 663 2086; x_wconf 89' lang='lat' dir='ltr'>ct</span> <span class='ocrx_word' id='word_1_90' title='bbox 675 2021 780 2088; x_wconf 84' lang='lat' dir='ltr'>nubes</span> <span class='ocrx_word' id='word_1_91' title='bbox 795 2021 864 2088; x_wconf 72' lang='lat' dir='ltr'>baec</span> <span class='ocrx_word' id='word_1_92' title='bbox 877 2021 1074 2088; x_wconf 73' lang='lat' dir='ltr'>circumfusa</span> <span class='ocrx_word' id='word_1_93' title='bbox 1091 2037 1244 2103; x_wconf 88' lang='lat' dir='ltr'>coronat,</span> 
     </span>
     <span class='ocr_line' id='line_1_15' title="bbox 397 2134 1417 2227; baseline -0.003 -29"><span class='ocrx_word' id='word_1_94' title='bbox 397 2134 567 2218; x_wconf 87' lang='lat' dir='ltr'>Quorum,</span> <span class='ocrx_word' id='word_1_95' title='bbox 584 2157 800 2227; x_wconf 75' lang='lat' dir='ltr'>quaecumque</span> <span class='ocrx_word' id='word_1_96' title='bbox 815 2155 882 2220; x_wconf 89' lang='lat' dir='ltr'>est,</span> <span class='ocrx_word' id='word_1_97' title='bbox 899 2160 938 2204; x_wconf 88' lang='lat' dir='ltr'>ex</span> <span class='ocrx_word' id='word_1_98' title='bbox 955 2161 1007 2203; x_wconf 84' lang='lat' dir='ltr'>me</span> <span class='ocrx_word' id='word_1_99' title='bbox 1020 2138 1080 2204; x_wconf 86' lang='lat' dir='ltr'>tibi</span> <span class='ocrx_word' id='word_1_100' title='bbox 1096 2136 1204 2203; x_wconf 77' lang='lat' dir='ltr'>fabula</span> <span class='ocrx_word' id='word_1_101' title='bbox 1219 2151 1357 2216; x_wconf 86' lang='lat' dir='ltr'>constat,</span> <span class='ocrx_word' id='word_1_102' title='bbox 1372 2159 1417 2198; x_wconf 74' lang='lat' dir='ltr'>nn</span> 
     </span>
     <span class='ocr_line' id='line_1_16' title="bbox 396 2249 1271 2342; baseline 0.005 -28"><span class='ocrx_word' id='word_1_103' title='bbox 396 2249 626 2342; x_wconf 77' lang='lat' dir='ltr'>Persephonen</span> <span class='ocrx_word' id='word_1_104' title='bbox 641 2252 726 2318; x_wconf 89' lang='lat' dir='ltr'>soliti</span> <span class='ocrx_word' id='word_1_105' title='bbox 743 2271 781 2320; x_wconf 90' lang='lat' dir='ltr'>ut</span> <span class='ocrx_word' id='word_1_106' title='bbox 795 2270 938 2321; x_wconf 83' lang='lat' dir='ltr'>teneram</span> <span class='ocrx_word' id='word_1_107' title='bbox 955 2253 1035 2320; x_wconf 91' lang='lat' dir='ltr'>dum</span> <span class='ocrx_word' id='word_1_108' title='bbox 1051 2253 1161 2321; x_wconf 85' lang='lat' dir='ltr'>sedula</span> <span class='ocrx_word' id='word_1_109' title='bbox 1177 2251 1271 2318; x_wconf 79' lang='lat' dir='ltr'>flores</span> 
     </span>
     <span class='ocr_line' id='line_1_17' title="bbox 340 2363 1109 2458; baseline 0.005 -28"><span class='ocrx_word' id='word_1_110' title='bbox 340 2363 346 2375; x_wconf 87' lang='lat'>&#39;</span> <span class='ocrx_word' id='word_1_111' title='bbox 396 2365 527 2456; x_wconf 82' lang='lat' dir='ltr'>Colligit</span> <span class='ocrx_word' id='word_1_112' title='bbox 544 2366 578 2430; x_wconf 91' lang='lat' dir='ltr'>in</span> <span class='ocrx_word' id='word_1_113' title='bbox 594 2389 713 2458; x_wconf 88' lang='lat' dir='ltr'>magno</span> <span class='ocrx_word' id='word_1_114' title='bbox 728 2369 873 2458; x_wconf 79' lang='lat' dir='ltr'>germani</span> <span class='ocrx_word' id='word_1_115' title='bbox 892 2369 1000 2434; x_wconf 76' lang='lat' dir='ltr'>fallere</span> <span class='ocrx_word' id='word_1_116' title='bbox 1017 2369 1109 2451; x_wconf 83' lang='lat' dir='ltr'>luco,</span> 
     </span>
     <span class='ocr_line' id='line_1_18' title="bbox 394 2478 1165 2570; baseline 0.001 -26"><span class='ocrx_word' id='word_1_117' title='bbox 394 2478 537 2570; x_wconf 78' lang='lat' dir='ltr'>Navigio</span> <span class='ocrx_word' id='word_1_118' title='bbox 547 2496 659 2545; x_wconf 83' lang='lat' dir='ltr'>vectus</span> <span class='ocrx_word' id='word_1_119' title='bbox 675 2479 732 2545; x_wconf 90' lang='lat' dir='ltr'>sed</span> <span class='ocrx_word' id='word_1_120' title='bbox 749 2481 841 2570; x_wconf 86' lang='lat' dir='ltr'>equis</span> <span class='ocrx_word' id='word_1_121' title='bbox 858 2481 916 2548; x_wconf 90' lang='lat' dir='ltr'>ubi</span> <span class='ocrx_word' id='word_1_122' title='bbox 933 2481 1024 2546; x_wconf 87' lang='lat' dir='ltr'>frena</span> <span class='ocrx_word' id='word_1_123' title='bbox 1038 2481 1165 2564; x_wconf 86' lang='lat' dir='ltr'>jubosis</span> 
     </span>
     <span class='ocr_line' id='line_1_19' title="bbox 396 2593 1131 2683; baseline 0.003 -24"><span class='ocrx_word' id='word_1_124' title='bbox 396 2596 593 2683; x_wconf 85' lang='lat' dir='ltr'>Imponens‚</span> <span class='ocrx_word' id='word_1_125' title='bbox 608 2593 690 2660; x_wconf 85' lang='lat' dir='ltr'>vidit</span> <span class='ocrx_word' id='word_1_126' title='bbox 703 2594 877 2662; x_wconf 83' lang='lat' dir='ltr'>Parcarum</span> <span class='ocrx_word' id='word_1_127' title='bbox 896 2597 1016 2662; x_wconf 75' lang='lat' dir='ltr'>indere</span> <span class='ocrx_word' id='word_1_128' title='bbox 1033 2595 1131 2662; x_wconf 91' lang='lat' dir='ltr'>Pluto</span> 
     </span>
     <span class='ocr_line' id='line_1_20' title="bbox 402 2706 1415 2800; baseline 0.003 -29"><span class='ocrx_word' id='word_1_129' title='bbox 402 2707 442 2773; x_wconf 81' lang='lat' dir='ltr'>vi</span> <span class='ocrx_word' id='word_1_130' title='bbox 461 2706 592 2775; x_wconf 90' lang='lat' dir='ltr'>flentem</span> <span class='ocrx_word' id='word_1_131' title='bbox 608 2709 732 2800; x_wconf 83' lang='lat' dir='ltr'>rapuit,</span> <span class='ocrx_word' id='word_1_132' title='bbox 746 2709 908 2798; x_wconf 88' lang='lat' dir='ltr'>traxitque</span> <span class='ocrx_word' id='word_1_133' title='bbox 923 2709 1062 2776; x_wconf 78' lang='lat' dir='ltr'>Atlantis</span> <span class='ocrx_word' id='word_1_134' title='bbox 1080 2709 1114 2774; x_wconf 88' lang='lat' dir='ltr'>in</span> <span class='ocrx_word' id='word_1_135' title='bbox 1131 2731 1252 2799; x_wconf 71' lang='lat' dir='ltr'>equor.</span> <span class='ocrx_word' id='word_1_136' title='bbox 1372 2719 1415 2758; x_wconf 70' lang='lat'>”¹⁵</span> 
     </span>
     <span class='ocr_line' id='line_1_21' title="bbox 443 2822 1273 2916; baseline 0.002 -28"><span class='ocrx_word' id='word_1_137' title='bbox 443 2822 542 2890; x_wconf 86' lang='lat' dir='ltr'>Nunc</span> <span class='ocrx_word' id='word_1_138' title='bbox 559 2823 766 2915; x_wconf 87' lang='lat' dir='ltr'>desperatum</span> <span class='ocrx_word' id='word_1_139' title='bbox 784 2841 836 2912; x_wconf 83' lang='lat' dir='ltr'>est</span> <span class='ocrx_word' id='word_1_140' title='bbox 851 2846 911 2890; x_wconf 90' lang='lat' dir='ltr'>nos</span> <span class='ocrx_word' id='word_1_141' title='bbox 929 2845 1025 2914; x_wconf 87' lang='lat' dir='ltr'>posse</span> <span class='ocrx_word' id='word_1_142' title='bbox 1038 2841 1146 2916; x_wconf 87' lang='lat' dir='ltr'>optata</span> <span class='ocrx_word' id='word_1_143' title='bbox 1162 2839 1273 2890; x_wconf 84' lang='lat' dir='ltr'>tencre</span> 
     </span>
     <span class='ocr_line' id='line_1_22' title="bbox 395 2939 1217 3031; baseline 0.001 -26"><span class='ocrx_word' id='word_1_144' title='bbox 395 2939 522 3020; x_wconf 84' lang='lat' dir='ltr'>litora,</span> <span class='ocrx_word' id='word_1_145' title='bbox 541 2941 607 3006; x_wconf 83' lang='lat' dir='ltr'>sive</span> <span class='ocrx_word' id='word_1_146' title='bbox 624 2941 708 3007; x_wconf 91' lang='lat' dir='ltr'>ullos</span> <span class='ocrx_word' id='word_1_147' title='bbox 724 2941 869 3031; x_wconf 84' lang='lat' dir='ltr'>contingi</span> <span class='ocrx_word' id='word_1_148' title='bbox 885 2941 939 3006; x_wconf 87' lang='lat' dir='ltr'>hic</span> <span class='ocrx_word' id='word_1_149' title='bbox 956 2939 1098 3030; x_wconf 88' lang='lat' dir='ltr'>denique</span> <span class='ocrx_word' id='word_1_150' title='bbox 1114 2940 1217 3023; x_wconf 88' lang='lat' dir='ltr'>fines,</span> 
     </span>
     <span class='ocr_line' id='line_1_23' title="bbox 396 3054 1212 3148; baseline 0.001 -28"><span class='ocrx_word' id='word_1_151' title='bbox 396 3054 450 3120; x_wconf 81' lang='lat' dir='ltr'>Ad</span> <span class='ocrx_word' id='word_1_152' title='bbox 468 3078 540 3144; x_wconf 78' lang='lat' dir='ltr'>qum</span> <span class='ocrx_word' id='word_1_153' title='bbox 558 3079 625 3121; x_wconf 92' lang='lat' dir='ltr'>non</span> <span class='ocrx_word' id='word_1_154' title='bbox 641 3056 714 3122; x_wconf 70' lang='lat' dir='ltr'>ullae</span> <span class='ocrx_word' id='word_1_155' title='bbox 729 3072 862 3121; x_wconf 85' lang='lat' dir='ltr'>vertunt</span> <span class='ocrx_word' id='word_1_156' title='bbox 880 3079 939 3122; x_wconf 91' lang='lat' dir='ltr'>sua</span> <span class='ocrx_word' id='word_1_157' title='bbox 954 3057 1053 3122; x_wconf 84' lang='lat' dir='ltr'>lintea</span> <span class='ocrx_word' id='word_1_158' title='bbox 1074 3079 1212 3148; x_wconf 87' lang='lat' dir='ltr'>puppes.</span> 
     </span>
     <span class='ocr_line' id='line_1_24' title="bbox 395 3149 1347 3260; baseline -0.004 -24"><span class='ocrx_word' id='word_1_159' title='bbox 395 3170 479 3236; x_wconf 84' lang='lat' dir='ltr'>Nam</span> <span class='ocrx_word' id='word_1_160' title='bbox 498 3192 606 3259; x_wconf 87' lang='lat' dir='ltr'>neque</span> <span class='ocrx_word' id='word_1_161' title='bbox 625 3170 731 3236; x_wconf 86' lang='lat' dir='ltr'>clausa</span> <span class='ocrx_word' id='word_1_162' title='bbox 749 3171 840 3259; x_wconf 91' lang='lat' dir='ltr'>palus</span> <span class='ocrx_word' id='word_1_163' title='bbox 855 3186 994 3260; x_wconf 88' lang='lat' dir='ltr'>pontum</span> <span class='ocrx_word' id='word_1_164' title='bbox 1008 3149 1347 3248; x_wconf 54' lang='lat' dir='ltr'>venientibus&#39;offert,</span> 
     </span>
     <span class='ocr_line' id='line_1_25' title="bbox 395 3282 1416 3376; baseline -0.006 -22"><span class='ocrx_word' id='word_1_165' title='bbox 395 3286 459 3354; x_wconf 86' lang='lat' dir='ltr'>Sed</span> <span class='ocrx_word' id='word_1_166' title='bbox 474 3285 599 3376; x_wconf 86' lang='lat' dir='ltr'>scopuli</span> <span class='ocrx_word' id='word_1_167' title='bbox 615 3285 750 3368; x_wconf 88' lang='lat' dir='ltr'>circum,</span> <span class='ocrx_word' id='word_1_168' title='bbox 767 3299 979 3374; x_wconf 87' lang='lat' dir='ltr'>porrectaque</span> <span class='ocrx_word' id='word_1_169' title='bbox 997 3307 1071 3349; x_wconf 85' lang='lat' dir='ltr'>saxa</span> <span class='ocrx_word' id='word_1_170' title='bbox 1088 3282 1240 3349; x_wconf 74' lang='lat' dir='ltr'>leuantur</span> <span class='ocrx_word' id='word_1_171' title='bbox 1373 3309 1416 3348; x_wconf 76' lang='lat' dir='ltr'>us·</span> 
     </span>
     <span class='ocr_line' id='line_1_26' title="bbox 394 3397 1239 3494; baseline -0.005 -24"><span class='ocrx_word' id='word_1_172' title='bbox 394 3409 434 3473; x_wconf 92' lang='lat' dir='ltr'>ln</span> <span class='ocrx_word' id='word_1_173' title='bbox 450 3403 604 3494; x_wconf 86' lang='lat' dir='ltr'>pelagus,</span> <span class='ocrx_word' id='word_1_174' title='bbox 621 3415 753 3491; x_wconf 85' lang='lat' dir='ltr'>generat</span> <span class='ocrx_word' id='word_1_175' title='bbox 769 3397 888 3464; x_wconf 89' lang='lat' dir='ltr'>fluctus</span> <span class='ocrx_word' id='word_1_176' title='bbox 904 3399 1123 3492; x_wconf 82' lang='lat' dir='ltr'>pulcherrima</span> <span class='ocrx_word' id='word_1_177' title='bbox 1141 3397 1239 3466; x_wconf 89' lang='lat' dir='ltr'>dona.</span> 
     </span>
     <span class='ocr_line' id='line_1_27' title="bbox 396 3514 1150 3606; baseline -0.009 -18"><span class='ocrx_word' id='word_1_178' title='bbox 396 3527 438 3588; x_wconf 87' lang='lat' dir='ltr'>At</span> <span class='ocrx_word' id='word_1_179' title='bbox 454 3542 521 3585; x_wconf 92' lang='lat' dir='ltr'>non</span> <span class='ocrx_word' id='word_1_180' title='bbox 535 3521 691 3585; x_wconf 83' lang='lat' dir='ltr'>Ancoeum</span> <span class='ocrx_word' id='word_1_181' title='bbox 708 3533 868 3582; x_wconf 84' lang='lat' dir='ltr'>rectorem</span> <span class='ocrx_word' id='word_1_182' title='bbox 882 3515 1001 3606; x_wconf 86' lang='lat' dir='ltr'>puppis</span> <span class='ocrx_word' id='word_1_183' title='bbox 1015 3514 1150 3581; x_wconf 80' lang='lat' dir='ltr'>aduncas</span> 
     </span>
     <span class='ocr_line' id='line_1_28' title="bbox 397 3629 1303 3728; baseline -0.009 -24"><span class='ocrx_word' id='word_1_184' title='bbox 397 3639 477 3728; x_wconf 89' lang='lat' dir='ltr'>Spes</span> <span class='ocrx_word' id='word_1_185' title='bbox 492 3656 551 3699; x_wconf 91' lang='lat' dir='ltr'>sua</span> <span class='ocrx_word' id='word_1_186' title='bbox 567 3632 730 3716; x_wconf 85' lang='lat' dir='ltr'>destituit,</span> <span class='ocrx_word' id='word_1_187' title='bbox 752 3633 874 3697; x_wconf 89' lang='lat' dir='ltr'>circum</span> <span class='ocrx_word' id='word_1_188' title='bbox 899 3629 957 3696; x_wconf 91' lang='lat' dir='ltr'>sed</span> <span class='ocrx_word' id='word_1_189' title='bbox 972 3630 1161 3696; x_wconf 82' lang='lat' dir='ltr'>obambulat</span> <span class='ocrx_word' id='word_1_190' title='bbox 1178 3653 1303 3713; x_wconf 77' lang='lat' dir='ltr'>errans,</span> 
     </span>
     <span class='ocr_line' id='line_1_29' title="bbox 399 3743 1204 3825; baseline -0.01 -7"><span class='ocrx_word' id='word_1_191' title='bbox 399 3753 497 3818; x_wconf 87' lang='lat' dir='ltr'>Nunc</span> <span class='ocrx_word' id='word_1_192' title='bbox 515 3748 599 3813; x_wconf 90' lang='lat' dir='ltr'>latus</span> <span class='ocrx_word' id='word_1_193' title='bbox 617 3747 651 3812; x_wconf 90' lang='lat' dir='ltr'>in</span> <span class='ocrx_word' id='word_1_194' title='bbox 667 3747 782 3812; x_wconf 76' lang='lat' dir='ltr'>laevum</span> <span class='ocrx_word' id='word_1_195' title='bbox 800 3743 883 3810; x_wconf 84' lang='lat' dir='ltr'>flexo</span> <span class='ocrx_word' id='word_1_196' title='bbox 899 3761 1047 3825; x_wconf 87' lang='lat' dir='ltr'>temone,</span> <span class='ocrx_word' id='word_1_197' title='bbox 1063 3767 1123 3810; x_wconf 87' lang='lat' dir='ltr'>ncc</span> <span class='ocrx_word' id='word_1_198' title='bbox 1140 3743 1204 3810; x_wconf 88' lang='lat' dir='ltr'>illic</span> 
     </span>
     <span class='ocr_line' id='line_1_30' title="bbox 399 3859 1416 3950; baseline -0.014 -18"><span class='ocrx_word' id='word_1_199' title='bbox 399 3867 478 3935; x_wconf 84' lang='lat' dir='ltr'>Viso</span> <span class='ocrx_word' id='word_1_200' title='bbox 493 3865 599 3947; x_wconf 86' lang='lat' dir='ltr'>aditu,</span> <span class='ocrx_word' id='word_1_201' title='bbox 611 3864 646 3927; x_wconf 91' lang='lat' dir='ltr'>in</span> <span class='ocrx_word' id='word_1_202' title='bbox 660 3862 805 3930; x_wconf 78' lang='lat' dir='ltr'>dexo-am</span> <span class='ocrx_word' id='word_1_203' title='bbox 823 3859 938 3925; x_wconf 84' lang='lat' dir='ltr'>direxit</span> <span class='ocrx_word' id='word_1_204' title='bbox 952 3860 1049 3925; x_wconf 86' lang='lat' dir='ltr'>lintea</span> <span class='ocrx_word' id='word_1_205' title='bbox 1063 3875 1198 3950; x_wconf 87' lang='lat' dir='ltr'>partem.</span> <span class='ocrx_word' id='word_1_206' title='bbox 1372 3879 1416 3931; x_wconf 59' lang='grc' dir='ltr'>,ιφ</span> 
     </span>
     <span class='ocr_line' id='line_1_31' title="bbox 441 3972 1203 4064; baseline -0.009 -17"><span class='ocrx_word' id='word_1_207' title='bbox 441 3979 550 4046; x_wconf 86' lang='lat' dir='ltr'>Tertia</span> <span class='ocrx_word' id='word_1_208' title='bbox 565 3979 622 4043; x_wconf 86' lang='lat' dir='ltr'>lux</span> <span class='ocrx_word' id='word_1_209' title='bbox 638 3975 768 4042; x_wconf 83' lang='lat' dir='ltr'>tandem</span> <span class='ocrx_word' id='word_1_210' title='bbox 784 3972 934 4064; x_wconf 85' lang='lat' dir='ltr'>perduxit</span> <span class='ocrx_word' id='word_1_211' title='bbox 944 3975 979 4039; x_wconf 92' lang='lat' dir='ltr'>in</span> <span class='ocrx_word' id='word_1_212' title='bbox 997 3975 1077 4039; x_wconf 87' lang='lat' dir='ltr'>atria</span> <span class='ocrx_word' id='word_1_213' title='bbox 1095 3973 1203 4040; x_wconf 84' lang='lat' dir='ltr'>Circes</span> 
     </span>
     <span class='ocr_line' id='line_1_32' title="bbox 399 4091 1236 4183; baseline -0.014 -17"><span class='ocrx_word' id='word_1_214' title='bbox 399 4101 528 4180; x_wconf 82' lang='lat' dir='ltr'>lintea,</span> <span class='ocrx_word' id='word_1_215' title='bbox 546 4113 683 4183; x_wconf 89' lang='lat' dir='ltr'>tumque</span> <span class='ocrx_word' id='word_1_216' title='bbox 698 4092 761 4157; x_wconf 88' lang='lat' dir='ltr'>loci</span> <span class='ocrx_word' id='word_1_217' title='bbox 778 4108 888 4182; x_wconf 85' lang='lat' dir='ltr'>petere</span> <span class='ocrx_word' id='word_1_218' title='bbox 904 4092 1057 4156; x_wconf 87' lang='lat' dir='ltr'>interiora</span> <span class='ocrx_word' id='word_1_219' title='bbox 1072 4091 1236 4172; x_wconf 85' lang='lat' dir='ltr'>jubemus.</span> 
     </span>
     <span class='ocr_line' id='line_1_33' title="bbox 399 4206 1293 4302; baseline -0.01 -24"><span class='ocrx_word' id='word_1_220' title='bbox 399 4216 468 4280; x_wconf 86' lang='lat' dir='ltr'>Nos</span> <span class='ocrx_word' id='word_1_221' title='bbox 484 4234 637 4302; x_wconf 90' lang='lat' dir='ltr'>quoque,</span> <span class='ocrx_word' id='word_1_222' title='bbox 661 4232 720 4273; x_wconf 87' lang='lat' dir='ltr'>nos</span> <span class='ocrx_word' id='word_1_223' title='bbox 737 4209 808 4272; x_wconf 76' lang='lat' dir='ltr'>laeto</span> <span class='ocrx_word' id='word_1_224' title='bbox 823 4207 887 4288; x_wconf 88' lang='lat' dir='ltr'>jam</span> <span class='ocrx_word' id='word_1_225' title='bbox 902 4207 995 4272; x_wconf 84' lang='lat' dir='ltr'>litora</span> <span class='ocrx_word' id='word_1_226' title='bbox 1012 4206 1175 4296; x_wconf 86' lang='lat' dir='ltr'>poscimus</span> <span class='ocrx_word' id='word_1_227' title='bbox 1195 4227 1293 4286; x_wconf 88' lang='lat' dir='ltr'>ausu,</span> 
     </span>
    </p>
   </div>
   <div class='ocr_carea' id='block_1_3' title="bbox 0 0 1588 5126">
    <p class='ocr_par' dir='ltr' id='par_1_3' title="bbox 0 0 1588 5126">
     <span class='ocr_line' id='line_1_34' title="bbox 0 0 1588 5126; baseline 0 0"><span class='ocrx_word' id='word_1_228' title='bbox 0 0 1588 5126; x_wconf 95' lang='lat' dir='ltr'> </span> 
     </span>
    </p>
   </div>
  </div>
 </body>
</html>
