3220 5128
411 521 473 610 372
585 503 594 548 ¹
698 571 701 580 .
794 519 1091 585 cassinens

533 664 724 732 Tenereusque
737 655 905 712 canutum
922 655 1004 718 venit,
1016 653 1164 710 Meleatidis
1179 655 1288 710 vertices

535 748 671 822 Linquens
682 746 807 800 Auiones.

412 890 455 953 Et
472 889 555 952 hano
569 889 751 952 versionem
772 887 906 951 retinuit
926 885 1219 952 Esechenbaehius.
1237 885 1386 974 [Gesner.
1404 909 1487 950 vero

411 994 444 1057 in
467 1015 525 1057 sua
550 993 814 1081 interpretatione
838 993 1045 1056 Tcertnrrensis
1065 993 1243 1080 Euphemes
1265 1008 1352 1056 recte
1380 991 1485 1056 dedit.

412 1099 529 1186 Hanu]
553 1098 733 1163 Pradierius
756 1097 866 1162 omisit
881 1113 987 1162 totum
1007 1109 1035 1162 τὸ
1050 1109 1171 1180 stema·
1188 1115 1221 1164 et
1238 1099 1316 1163 hine
1335 1099 1399 1180 jam
1421 1123 1486 1161 no-

410 1225 488 1268 vum
503 1202 598 1268 uobis
615 1205 833 1292 Argonautam
855 1202 1065 1290 protulerunt
1085 1201 1238 1266 Taennrsa
1261 1201 1404 1284 dictum,
1423 1205 1485 1290 qui

411 1309 556 1398 epitheto
570 1319 691 1389 εὐφήμου,
706 1307 739 1372 id
756 1323 821 1389 est,
835 1307 984 1388 celebris,
1010 1323 1144 1370 ornatus
1160 1308 1201 1371 ab
1218 1307 1352 1396 Orpheo
1373 1325 1482 1372 esset:
1514 1331 1517 1334 ·

410 1417 487 1480 hinc
509 1413 643 1478 Carrion
669 1414 868 1494 Graeearum,
891 1427 929 1476 ut
950 1410 1108 1493 vidimus,
1135 1412 1301 1477 literarum
1322 1411 1428 1493 rudis,
1445 1415 1483 1478 in

408 1521 597 1610 Catalogum
611 1540 707 1583 suum
721 1541 761 1582 ex
772 1519 905 1606 Orpheo
924 1517 1124 1588 Toenan'eum
1137 1513 1264 1600 retulit,
1282 1541 1379 1606 quern
1395 1520 1484 1582 inle-

408 1628 453 1692 lix
468 1626 606 1692 Alardus
625 1627 659 1688 in
682 1648 740 1688 sua
763 1623 906 1690 editione
926 1625 1128 1690 Toenaricum
1147 1625 1244 1706 jussit
1270 1625 1387 1690 vocari.
1412 1627 1485 1691 Cri·

331 1786 333 1794 ,
409 1733 512 1798 bellus
526 1731 648 1796 veroin
665 1730 814 1794 versione
828 1731 959 1794 metrica
974 1747 1080 1794 totum
1092 1730 1249 1819 Euphemi
1260 1753 1381 1796 nomen
1397 1733 1483 1797 omi·

407 1835 464 1916 sit,
481 1850 518 1897 ut
534 1848 566 1896 et
578 1831 778 1896 Pradierium
796 1831 907 1894 lenisse
918 1830 1070 1896 diximus.
1087 1831 1261 1921 Egregium
1273 1847 1360 1896 certe
1374 1855 1483 1896 exem·

406 1941 514 2029 plum,
538 1961 577 2002 ex
602 1961 669 2026 quo
692 1937 816 2002 discere
840 1960 954 2002 omnes
981 1954 1156 2026 poterunt,
1183 1938 1297 2026 quanti
1322 1937 1483 2004 habende

406 2046 472 2109 sint
503 2043 684 2126 versiones,
712 2043 808 2106 etiam
837 2040 1100 2107 doctissimorum
1126 2043 1290 2126 virorum,
1321 2060 1354 2108 et
1380 2067 1482 2132 quam

406 2151 545 2238 turpiter
565 2164 693 2230 errent,
726 2149 783 2236 qui
811 2147 879 2212 illas
903 2149 1073 2213 consulere
1101 2171 1229 2238 semper
1255 2149 1371 2214 solent.
1404 2150 1483 2232 Quo

405 2279 483 2321 vero
499 2254 636 2319 maxime
652 2253 833 2318 celebratus
850 2269 898 2318 est
915 2253 969 2318 hie
987 2254 1192 2342 Euphemus‚
1208 2265 1285 2330 βῶλος
1301 2255 1373 2336 1110,
1387 2255 1482 2343 gleba

405 2361 485 2444 fuit,
508 2383 606 2448 quam
632 2359 666 2423 in
694 2382 783 2424 mare
805 2359 898 2440 jecit,
923 2375 956 2425 et
980 2358 1070 2424 unde
1096 2377 1171 2424 nata
1196 2359 1301 2426 insula
1329 2360 1482 2440 Calliste,

404 2482 516 2557 postea
532 2465 637 2531 Thera
654 2464 757 2546 dicta,
776 2464 867 2552 quod
883 2465 917 2529 in
936 2465 1015 2529 loeis
1038 2487 1077 2529 ex
1097 2465 1274 2530 Scholiaste
1296 2465 1428 2530 Pindari
1449 2483 1483 2531 et

404 2573 520 2637 Tzetze
536 2571 670 2636 laudatis
684 2570 832 2652 refertur,
850 2585 883 2633 et
894 2570 934 2634 ab
946 2570 1137 2659 Apollonio,
1149 2571 1206 2652 lV,
1226 2569 1309 2636 1562
1323 2586 1356 2635 et
1374 2571 1479 2659 1755,

403 2678 460 2742 ubi
489 2675 563 2742 vide
585 2694 618 2741 et
641 2676 806 2742 Scholiast
832 2677 990 2741 Praeterea
1016 2675 1136 2740 dicitur
1162 2677 1306 2766 potuisse
1335 2675 1479 2766 pedibus

404 2807 491 2848 mare
507 2785 550 2848 ita
563 2805 739 2872 permeare,
755 2805 792 2846 ac
808 2781 835 2845 si
851 2804 910 2870 per
924 2798 1042 2846 terram
1059 2782 1122 2847 iter
1138 2782 1256 2847 iaceret
1271 2781 1374 2871 (quod
1390 2781 1481 2846 idem

404 2890 446 2954 de
468 2888 592 2953 Orione
618 2887 807 2977 narratur),
836 2887 926 2976 quod
954 2888 1089 2979 explieat
1108 2889 1214 2954 Treta.
1242 2887 1323 2952 Chil.
1344 2887 1399 2968 ΙΙ,
1421 2892 1482 2965 41,

404 2993 494 3084 quod
510 2995 634 3058 fuerint
649 2995 882 3084 gubernatores
898 2995 1120 3076 celeberrimi,
1136 2995 1194 3083 qui
1213 3015 1378 3081 nunquam
1394 2995 1482 3058 mari

404 3103 561 3167 damnum
581 3118 637 3166 aut
655 3101 860 3190 naufragium
878 3101 1045 3167 iecerunt:
1068 3124 1142 3166 nanr
1160 3117 1271 3166 noster
1287 3099 1482 3189 Euphemus

404 3221 511 3290 πρωρώς
530 3208 620 3272 navis
638 3209 715 3298 Argi
734 3207 830 3272 etiam
850 3206 971 3274 dicitur
991 3208 1098 3274 Schol.
1117 3207 1266 3288 Pindari,
1294 3208 1316 3271 1.
1333 3207 1354 3272 1.
1370 3229 1417 3272 rs.
1437 3207 1482 3272 36

403 3328 438 3376 et
452 3314 512 3396 613
536 3329 569 3377 et
593 3312 681 3402 apud
700 3313 851 3400 Apollon.
872 3313 928 3378 lib.
950 3315 1001 3395 11,
1021 3314 1210 3402 Euphemus
1229 3311 1416 3376 columb'am
1437 3310 1481 3374 de

403 3441 499 3508 prora
511 3418 660 3498 dimittit,
684 3435 723 3482 ut
740 3419 801 3484 iter
822 3441 879 3508 per
901 3417 1129 3509 Symplegadas
1149 3419 1297 3506 aperiret.
1315 3415 1480 3505 Euphemi

402 3527 499 3592 etiam
514 3526 547 3590 in
562 3525 648 3590 ludis
662 3525 757 3590 Peliai
771 3527 920 3590 meminit
939 3527 1133 3609 Pausanias,
1149 3527 1207 3592 tib.
1223 3527 1263 3608 V,
1282 3549 1333 3612 17,
1350 3541 1383 3590 et
1399 3523 1481 3590 dicit

401 3635 553 3698 comitem
567 3633 692 3698 Iasonis
708 3633 877 3698 1111111111
892 3632 956 3697 hoc
971 3631 1055 3696 forte
1069 3630 1272 3698 descendisse
1279 3631 1481 3720 Euphemum

400 3741 560 3827 suspicor,
578 3741 669 3820 cujus
687 3739 812 3802 mentio
831 3737 868 3802 lit
885 3737 973 3827 apud
990 3739 1097 3804 Schol.
1109 3737 1203 3803 Pind.
1222 3737 1317 3826 Pyth.
1334 3736 1398 3802 od.
1411 3738 1480 3817 lx,

405 3843 483 3926 185,
500 3845 558 3909 ubi
578 3843 619 3906 de
643 3846 748 3908 Antaei
772 3845 854 3908 urbe
877 3847 979 3909 Irassa
1002 3845 1085 3934 agit3
1102 3867 1198 3933 quern
1218 3842 1383 3908 diversum
1407 3865 1482 3906 esse

400 3951 441 4014 ab
457 3953 586 4032 Antaeo,
597 3950 638 4014 ab
652 3949 793 4015 Hercule
804 3952 907 4032 victo,
921 3951 978 4017 sed
992 3952 1128 4016 alterum
1144 3951 1189 4014 ait
1202 3973 1286 4031 esse,
1303 3953 1482 4030 1101111111

400 4066 525 4136 Εὔφημος,
541 4057 566 4117 ul
580 4065 600 4116 01
619 4066 736 4133 ἀπόγονοι
751 4067 898 4136 μετῴκησαν
915 4066 947 4127 tle
962 4065 1081 4136 suptar.
1105 4055 1268 4145 Eupheml
1290 4054 1386 4118 ellam
1409 4075 1483 4116 me·

399 4161 536 4222 moriam
554 4160 755 4224 consecrarit
771 4161 810 4224 el.
828 4159 1038 4244 Gronovius,
1061 4177 1094 4226 et
1114 4160 1257 4226 thesauri
1275 4159 1371 4248 graeei
1394 4159 1483 4246 parti

395 4265 522 4352 primae,
539 4265 593 4328 l'ol.
608 4263 698 4352 Ggg,
716 4266 852 4330 inseruit
866 4292 875 4350 3
895 4289 955 4330 nec
970 4267 1099 4331 monuit
1115 4266 1204 4332 unde
1218 4265 1287 4346 ejus
1303 4263 1481 4353 imaginem
