3220 5128
362 479 425 563 390
750 483 1049 548 ct'rttoous

364 601 427 681 ipss
447 581 479 663 et
496 612 611 671 Βοιωτός.
629 603 690 672 Alii
706 619 812 666 tamen
831 607 939 668 Arnen
956 606 1072 670 urbem
1089 607 1259 672 deducunt
1274 604 1315 672 ab
1326 611 1427 688 Amo,

364 706 490 769 nutrice
507 707 669 796 Neptuni3
686 707 750 770 vid.
765 709 872 774 Treta.
890 709 931 774 ad
950 711 1110 800 Lyoophr.
1127 715 1211 793 644,
1234 731 1267 778 ot
1282 715 1427 804 Etymol.

362 835 513 901 magnum
542 814 573 876 in
598 814 671 894 Aps.
696 815 851 880 Praeterea
877 819 1011 882 Andron
1036 836 1171 884 matrem
1198 821 1324 885 Iasonis
1349 822 1429 886 looit

366 917 589 1002 Tdcognetem,
610 921 738 984 Laodici
757 921 874 1004 liliam,
900 939 980 988 teste
997 923 1174 988 Scholiasta
1192 924 1309 990 eodem
1325 929 1427 1016 Apol-

363 1023 460 1102 lonii3
483 1023 625 1112 denique
638 1026 769 1089 Taetzos
792 1027 812 1089 l.
835 1029 854 1091 l.
874 1027 1082 1109 Chiliadum,
1107 1029 1186 1092 alios
1203 1031 1301 1094 fuisse
1316 1029 1426 1113 addit,

361 1128 416 1214 qui
442 1145 576 1194 matrem
600 1131 725 1194 tasonis
751 1131 894 1196 lacerent
915 1133 1031 1214 ΙίΙιωο,
1063 1119 1208 1222 Staphyli
1228 1134 1335 1199 filiam.
1359 1137 1429 1200 Sta·

358 1231 475 1320 phylus
488 1252 596 1300 autem
612 1237 725 1302 Bacchi
741 1237 823 1302 lilius
838 1237 917 1302 duas
936 1239 1049 1304 habuit
1063 1239 1159 1321 filias,
1180 1240 1378 1304 Hennam
1393 1259 1427 1306 ot

359 1337 473 1418 ΙίΙιοεος
498 1341 570 1405 vide
596 1343 745 1408 Parthen.
766 1345 885 1408 Erotic.
906 1369 975 1435 cap.
995 1369 1021 1410 ι.
1047 1345 1146 1408 Illsaeo
1168 1363 1278 1411 autem
1305 1346 1427 1412 dicitur

360 1445 574 1513 concubuisse
593 1449 745 1536 Apollini,
770 1467 857 1514 etex
877 1475 916 1514 eo
940 1453 1090 1538 genuisse
1107 1453 1240 1528 Arium,
1259 1453 1317 1539 qui
1335 1469 1426 1541 pater

219 1583 223 1590 ·
361 1549 422 1612 l'uit
438 1551 716 1640 OEnorroparum;
734 1553 807 1618 ride
824 1556 930 1619 Treta.
944 1555 986 1646 ad
999 1557 1158 1645 Lycophr.
1175 1557 1246 1644 570.
1264 1555 1326 1622 Sed
1345 1580 1426 1621 nus·

361 1675 456 1742 quam
476 1656 539 1746 legi
564 1681 633 1721 eam
652 1659 766 1722 AEsoni
786 1663 1016 1741 conjunctam3
1040 1663 1140 1725 immo
1162 1663 1229 1751 ipso
1251 1661 1425 1750 Staphylus

362 1761 446 1824 inter
459 1766 657 1852 Argonautas
673 1767 714 1828 ab
730 1762 924 1853 Apollodoro
942 1782 1149 1846 numeratur3
1172 1789 1250 1854 ergo
1268 1789 1345 1830 arus
1363 1769 1425 1832 suh

363 1869 488 1955 nopotis
505 1867 605 1934 ductu
624 1871 808 1951 militasset;
821 1869 894 1934 vide
910 1872 943 1934 in
956 1870 1118 1960 Staphyla.
1131 1874 1207 1936 Haec
1220 1872 1285 1951 jam
1303 1874 1424 1954 omnia,

361 1990 426 2037 tam
443 1972 577 2056 diversa,
596 1977 680 2038 inter
699 1978 859 2065 mythicos
882 1976 941 2040 hos
960 1978 1133 2064 scriptores
1146 1999 1341 2066 componere
1356 2001 1425 2040 non

360 2097 408 2143 est
432 2097 603 2159 nostrum;
627 2081 681 2144 sed
707 2084 806 2146 inulta
829 2083 913 2146 l'orte
937 2083 1070 2146 nomina
1094 2083 1156 2146 fuit
1182 2100 1283 2146 mater
1299 2084 1425 2146 Iasonis

360 2187 490 2267 sortita,
504 2185 588 2250 inter
601 2210 673 2274 quoe
687 2189 791 2274 aliqua
806 2189 1025 2275 epithetorunt
1040 2189 1109 2252 vice
1123 2204 1303 2277 potuerunt
1315 2190 1425 2276 hangi,

359 2310 396 2356 ut
415 2295 448 2356 in
464 2293 531 2358 aliis
555 2295 708 2358 heroibus
725 2312 757 2358 et
773 2296 914 2359 heroisin
933 2319 994 2359 usu
1012 2296 1122 2360 venire
1139 2296 1230 2360 solet.
1263 2298 1424 2360 Caeterum

360 2401 475 2464 Jasona
490 2417 580 2464 metu
596 2401 689 2464 Petis
705 2401 840 2465 Chironi
856 2400 1068 2466 nutriendum
1094 2401 1205 2466 datum
1223 2400 1354 2490 plurimi
1371 2403 1424 2464 in·

359 2524 408 2570 ter
420 2509 485 2588 jam
499 2507 657 2572 adductos
672 2507 820 2588 tradunt,
835 2523 867 2572 et
880 2507 1054 2588 Pindarus,
1074 2507 1137 2572 Od.
1156 2509 1251 2572 Nem.
1265 2508 1333 2589 Ill,
1357 2507 1423 2596 93,

360 2629 392 2678 et
407 2615 567 2702 praecipne
585 2613 679 2702 Pyth.
698 2615 755 2694 lv,
782 2612 861 2692 135,
886 2635 952 2700 quo
975 2615 1099 2702 hymno
1116 2613 1243 2679 Iasonis
1261 2614 1425 2704 praecipue

358 2717 468 2782 laudes
494 2734 672 2799 canuntur,
697 2735 729 2781 et
753 2718 822 2797 ejus
844 2716 1053 2805 pulchritudo
1074 2734 1108 2781 et
1126 2718 1232 2804 ¹forma
1248 2739 1341 2780 versu
1359 2717 1422 2784 153

359 2823 547 2888 celebratur.
568 2824 616 2886 De
632 2823 763 2911 reliquis
780 2828 847 2903 ejus
865 2822 972 2902 lactis,
1001 2846 1072 2911 quae
1093 2823 1338 2911 Argonauticam
1362 2845 1423 2886 ex·

360 2927 558 3016 peditionem
575 2943 712 3015 sequuta
727 2942 822 3008 sunt,
847 2949 913 2989 non
932 2949 1075 3014 agemus.
1099 2927 1162 2990 Sed
1186 2949 1287 2992 unum
1310 2923 1424 2992 adhuc

360 3033 463 3096 notari
488 3051 644 3114 meretur,
664 3035 695 3096 in
716 3055 784 3120 quo
801 3032 954 3120 temporis
971 3032 1052 3096 ratio
1071 3055 1136 3096 non
1156 3033 1239 3097 bene
1254 3033 1423 3098 observata

359 3137 488 3203 videtur
514 3139 554 3201 ab
581 3136 734 3202 omnibus
755 3139 822 3201 fere
843 3139 957 3226 poetis.
986 3136 1157 3225 Staphylus
1180 3137 1299 3202 dicitur
1322 3138 1421 3202 tuisse

359 3243 474 3308 Bacchi
494 3261 527 3308 ot
544 3243 691 3308 Ariadnae
708 3242 813 3324 lilius3
836 3243 942 3307 Thoas
960 3263 1036 3307 vero
1053 3243 1120 3323 ejus
1138 3245 1236 3306 frater
1253 3267 1292 3307 ox
1308 3241 1421 3306 eadem

361 3347 499 3415 Ariadna
517 3350 661 3437 genitus;
686 3349 728 3412 ita
747 3365 785 3412 ut
803 3348 998 3436 Hypsipyle,
1021 3371 1093 3436 quae
1109 3371 1143 3412 se
1155 3349 1263 3412 Minoo
1279 3349 1422 3412 Thoante

358 3471 466 3518 natam
480 3453 635 3544 gloriatur
652 3452 739 3542 apud
755 3450 851 3518 Ovid.
867 3451 969 3539 Epist.
985 3453 1044 3534 vt,
1061 3473 1105 3515 vs.
1124 3455 1202 3530 ard,
1220 3453 1248 3514 si
1266 3453 1362 3517 lason
1381 3476 1421 3517 ex

357 3560 480 3641 Rhoeo,
497 3560 641 3648 Staphyli
664 3557 746 3640 filia,
767 3559 882 3622 luisset
906 3573 1016 3639 natus,
1032 3560 1100 3640 ojus
1122 3557 1236 3622 fuisset
1257 3559 1420 3647 patruelis.

357 3673 399 3734 At
423 3667 456 3730 in
483 3667 547 3730 hoc
573 3665 653 3731 illud
674 3667 816 3755 primum
833 3663 973 3729 offendit
993 3665 1025 3727 in
1047 3665 1222 3753 Staphylo,
1248 3665 1305 3752 qui
1330 3679 1421 3731 aetate

356 3773 445 3858 prior
458 3771 676 3858 Argonautica
693 3767 916 3857 expeditione,
935 3767 1003 3854 ipae
1028 3766 1090 3829 sub
1115 3783 1233 3854 nepote
1255 3787 1315 3828 suo
1335 3766 1420 3828 mili·

356 3892 422 3940 tare
436 3899 502 3939 non
518 3876 636 3963 potnit.
649 3879 691 3939 At
706 3875 841 3938 alterum
857 3871 977 3953 majus,
990 3869 1078 3958 quod
1090 3871 1236 3935 Theseus
1252 3871 1320 3958 ipse
1335 3871 1422 3933 inter

357 3985 557 4070 Argonautas
580 4003 647 4044 non
677 3997 803 4044 tantum
832 3993 1033 4057 numeretur,
1056 3999 1161 4065 aquo
1187 3974 1363 4040 Ariadnam
1385 3976 1421 4038 in

356 4087 448 4150 Naxo
463 4085 620 4152 desertam
639 4087 781 4150 Bacchus
798 4085 929 4150 demum
944 4083 1052 4164 duxit,
1068 4098 1100 4147 et
1115 4083 1198 4147 hano
1212 4081 1336 4170 prolem
1354 4103 1423 4145 sus·

356 4193 450 4284 cepit,
478 4191 535 4255 sed
560 4195 653 4280 plura
682 4193 818 4281 gessisse
844 4191 981 4269 dicitur,
999 4211 1071 4277 quae
1097 4189 1130 4252 in
1157 4210 1255 4251 unam
1279 4185 1422 4250 hominis
