<?xml version="1.0" encoding="UTF-8"?>
<!DOCTYPE html PUBLIC "-//W3C//DTD XHTML 1.0 Transitional//EN"
    "http://www.w3.org/TR/xhtml1/DTD/xhtml1-transitional.dtd">
<html xmlns="http://www.w3.org/1999/xhtml" xml:lang="en" lang="en">
 <head>
  <title>
</title>
<meta http-equiv="Content-Type" content="text/html;charset=utf-8" />
  <meta name='ocr-system' content='tesseract 3.04.00' />
  <meta name='ocr-capabilities' content='ocr_page ocr_carea ocr_par ocr_line ocrx_word'/>
</head>
<body>
  <div class='ocr_page' id='page_1' title='image "./cvaleriiflaccis01apolgoog_0405.png"; bbox 0 0 3220 5128; ppageno 0'>
   <div class='ocr_carea' id='block_1_1' title="bbox 390 481 1065 569">
    <p class='ocr_par' dir='ltr' id='par_1_1' title="bbox 390 481 1065 569">
     <span class='ocr_line' id='line_1_1' title="bbox 390 481 1065 569; baseline -0.009 -19"><span class='ocrx_word' id='word_1_1' title='bbox 390 493 454 569; x_wconf 64' lang='lat' dir='ltr'>dod</span> <span class='ocrx_word' id='word_1_2' title='bbox 770 481 1065 548; x_wconf 74' lang='lat' dir='ltr'>CATALOGUS</span> 
     </span>
    </p>
   </div>
   <div class='ocr_carea' id='block_1_2' title="bbox 387 601 1449 1426">
    <p class='ocr_par' dir='ltr' id='par_1_2' title="bbox 387 601 1449 1426">
     <span class='ocr_line' id='line_1_2' title="bbox 387 601 1449 692; baseline -0.01 -17"><span class='ocrx_word' id='word_1_3' title='bbox 387 612 452 692; x_wconf 85' lang='lat' dir='ltr'>jam</span> <span class='ocrx_word' id='word_1_4' title='bbox 476 607 631 673; x_wconf 81' lang='lat' dir='ltr'>Achillem</span> <span class='ocrx_word' id='word_1_5' title='bbox 661 626 796 692; x_wconf 88' lang='lat' dir='ltr'>puerum</span> <span class='ocrx_word' id='word_1_6' title='bbox 824 603 1007 686; x_wconf 85' lang='lat' dir='ltr'>induxisse,</span> <span class='ocrx_word' id='word_1_7' title='bbox 1028 603 1084 690; x_wconf 89' lang='lat' dir='ltr'>qui</span> <span class='ocrx_word' id='word_1_8' title='bbox 1109 601 1250 666; x_wconf 83' lang='lat' dir='ltr'><strong>indolem</strong></span> <span class='ocrx_word' id='word_1_9' title='bbox 1278 623 1369 664; x_wconf 83' lang='lat' dir='ltr'>sunm</span> <span class='ocrx_word' id='word_1_10' title='bbox 1398 615 1449 664; x_wconf 90' lang='lat' dir='ltr'>tot</span> 
     </span>
     <span class='ocr_line' id='line_1_3' title="bbox 391 705 1448 790; baseline -0.011 -10"><span class='ocrx_word' id='word_1_11' title='bbox 391 714 545 780; x_wconf 74' lang='lat' dir='ltr'>heroibus</span> <span class='ocrx_word' id='word_1_12' title='bbox 570 709 771 790; x_wconf 83' lang='lat' dir='ltr'>ostenderet3</span> <span class='ocrx_word' id='word_1_13' title='bbox 797 707 904 772; x_wconf 81' lang='lat' dir='ltr'><em>Peleus</em></span> <span class='ocrx_word' id='word_1_14' title='bbox 929 711 1015 772; x_wconf 90' lang='lat' dir='ltr'>enim</span> <span class='ocrx_word' id='word_1_15' title='bbox 1038 709 1164 788; x_wconf 87' lang='lat' dir='ltr'>juvenis</span> <span class='ocrx_word' id='word_1_16' title='bbox 1189 705 1301 770; x_wconf 83' lang='lat' dir='ltr'>debuit</span> <span class='ocrx_word' id='word_1_17' title='bbox 1317 707 1448 770; x_wconf 84' lang='lat' dir='ltr'>siluisse</span> 
     </span>
     <span class='ocr_line' id='line_1_4' title="bbox 390 813 1447 909; baseline -0.009 -25"><span class='ocrx_word' id='word_1_18' title='bbox 390 815 693 909; x_wconf 82' lang='lat' dir='ltr'>Argonautis,quia</span> <span class='ocrx_word' id='word_1_19' title='bbox 714 815 782 894; x_wconf 88' lang='lat' dir='ltr'>ejus</span> <span class='ocrx_word' id='word_1_20' title='bbox 807 829 941 901; x_wconf 86' lang='lat' dir='ltr'>patruus</span> <span class='ocrx_word' id='word_1_21' title='bbox 964 813 1151 892; x_wconf 78' lang='lat' dir='ltr'>Menoetius,</span> <span class='ocrx_word' id='word_1_22' title='bbox 1168 814 1224 900; x_wconf 89' lang='lat' dir='ltr'>qui</span> <span class='ocrx_word' id='word_1_23' title='bbox 1245 834 1350 899; x_wconf 89' lang='lat' dir='ltr'>neque</span> <span class='ocrx_word' id='word_1_24' title='bbox 1370 835 1447 900; x_wconf 86' lang='lat' dir='ltr'>pro·</span> 
     </span>
     <span class='ocr_line' id='line_1_5' title="bbox 389 916 1447 1008; baseline -0.009 -20"><span class='ocrx_word' id='word_1_25' title='bbox 389 939 477 988; x_wconf 83' lang='lat' dir='ltr'>vecta</span> <span class='ocrx_word' id='word_1_26' title='bbox 504 938 595 987; x_wconf 82' lang='lat' dir='ltr'>aetate</span> <span class='ocrx_word' id='word_1_27' title='bbox 621 920 696 998; x_wconf 83' lang='lat' dir='ltr'>fuit,</span> <span class='ocrx_word' id='word_1_28' title='bbox 717 935 753 982; x_wconf 89' lang='lat' dir='ltr'>ut</span> <span class='ocrx_word' id='word_1_29' title='bbox 777 919 906 1005; x_wconf 78' lang='lat' dir='ltr'>plurimi</span> <span class='ocrx_word' id='word_1_30' title='bbox 923 921 1129 1008; x_wconf 73' lang='lat' dir='ltr'>Argonautae,</span> <span class='ocrx_word' id='word_1_31' title='bbox 1143 916 1253 980; x_wconf 88' lang='lat' dir='ltr'>itidem</span> <span class='ocrx_word' id='word_1_32' title='bbox 1270 917 1447 980; x_wconf 88' lang='lat' dir='ltr'>commilito</span> 
     </span>
     <span class='ocr_line' id='line_1_6' title="bbox 390 1021 1449 1114; baseline -0.008 -22"><span class='ocrx_word' id='word_1_33' title='bbox 390 1029 468 1108; x_wconf 87' lang='lat' dir='ltr'>luit,</span> <span class='ocrx_word' id='word_1_34' title='bbox 483 1049 588 1114; x_wconf 89' lang='lat' dir='ltr'>neque</span> <span class='ocrx_word' id='word_1_35' title='bbox 605 1025 716 1094; x_wconf 83' lang='lat' dir='ltr'>etiarn,</span> <span class='ocrx_word' id='word_1_36' title='bbox 729 1023 754 1088; x_wconf 90' lang='lat' dir='ltr'>si</span> <span class='ocrx_word' id='word_1_37' title='bbox 771 1023 835 1086; x_wconf 91' lang='lat' dir='ltr'>hoc</span> <span class='ocrx_word' id='word_1_38' title='bbox 851 1041 995 1113; x_wconf 89' lang='lat' dir='ltr'>tempore</span> <span class='ocrx_word' id='word_1_39' title='bbox 1007 1026 1072 1104; x_wconf 84' lang='lat' dir='ltr'>jam</span> <span class='ocrx_word' id='word_1_40' title='bbox 1088 1045 1170 1110; x_wconf 90' lang='lat' dir='ltr'>puer</span> <span class='ocrx_word' id='word_1_41' title='bbox 1182 1021 1319 1085; x_wconf 80' lang='lat' dir='ltr'>Achilles</span> <span class='ocrx_word' id='word_1_42' title='bbox 1334 1022 1449 1102; x_wconf 86' lang='lat' dir='ltr'>luerit,</span> 
     </span>
     <span class='ocr_line' id='line_1_7' title="bbox 389 1126 1448 1215; baseline -0.009 -17"><span class='ocrx_word' id='word_1_43' title='bbox 389 1149 421 1198; x_wconf 87' lang='lat' dir='ltr'>et</span> <span class='ocrx_word' id='word_1_44' title='bbox 432 1133 472 1197; x_wconf 85' lang='lat' dir='ltr'>ad</span> <span class='ocrx_word' id='word_1_45' title='bbox 481 1131 617 1209; x_wconf 78' lang='lat' dir='ltr'>Trojano</span> <span class='ocrx_word' id='word_1_46' title='bbox 631 1129 711 1192; x_wconf 80' lang='lat' dir='ltr'>helle</span> <span class='ocrx_word' id='word_1_47' title='bbox 724 1129 914 1215; x_wconf 77' lang='lat' dir='ltr'>protraxerit</span> <span class='ocrx_word' id='word_1_48' title='bbox 923 1150 1024 1191; x_wconf 80' lang='lat' dir='ltr'>oevum</span> <span class='ocrx_word' id='word_1_49' title='bbox 1034 1176 1043 1208; x_wconf 93' lang='lat'>,</span> <span class='ocrx_word' id='word_1_50' title='bbox 1054 1151 1119 1192; x_wconf 91' lang='lat' dir='ltr'>non</span> <span class='ocrx_word' id='word_1_51' title='bbox 1133 1126 1246 1191; x_wconf 81' lang='lat' dir='ltr'>habuit</span> <span class='ocrx_word' id='word_1_52' title='bbox 1257 1127 1325 1207; x_wconf 86' lang='lat' dir='ltr'>ejus</span> <span class='ocrx_word' id='word_1_53' title='bbox 1338 1143 1448 1206; x_wconf 87' lang='lat' dir='ltr'>mater,</span> 
     </span>
     <span class='ocr_line' id='line_1_8' title="bbox 389 1229 1449 1324; baseline -0.008 -22"><span class='ocrx_word' id='word_1_54' title='bbox 389 1259 449 1302; x_wconf 91' lang='lat' dir='ltr'>nec</span> <span class='ocrx_word' id='word_1_55' title='bbox 461 1237 546 1324; x_wconf 88' lang='lat' dir='ltr'>ipse,</span> <span class='ocrx_word' id='word_1_56' title='bbox 558 1232 647 1322; x_wconf 88' lang='lat' dir='ltr'>quod</span> <span class='ocrx_word' id='word_1_57' title='bbox 660 1231 700 1297; x_wconf 88' lang='lat' dir='ltr'>de</span> <span class='ocrx_word' id='word_1_58' title='bbox 714 1231 867 1296; x_wconf 86' lang='lat' dir='ltr'>brevitate</span> <span class='ocrx_word' id='word_1_59' title='bbox 875 1233 947 1296; x_wconf 83' lang='lat' dir='ltr'>vitse</span> <span class='ocrx_word' id='word_1_60' title='bbox 962 1247 1156 1318; x_wconf 81' lang='lat' dir='ltr'>querentur3</span> <span class='ocrx_word' id='word_1_61' title='bbox 1170 1229 1225 1295; x_wconf 87' lang='lat' dir='ltr'>sed</span> <span class='ocrx_word' id='word_1_62' title='bbox 1242 1231 1334 1317; x_wconf 85' lang='lat' dir='ltr'>plura</span> <span class='ocrx_word' id='word_1_63' title='bbox 1346 1231 1449 1294; x_wconf 85' lang='lat' dir='ltr'>incre·</span> 
     </span>
     <span class='ocr_line' id='line_1_9' title="bbox 389 1325 1447 1426; baseline -0.008 -20"><span class='ocrx_word' id='word_1_64' title='bbox 389 1340 499 1406; x_wconf 88' lang='lat' dir='ltr'>dibilia</span> <span class='ocrx_word' id='word_1_65' title='bbox 521 1341 555 1402; x_wconf 94' lang='lat' dir='ltr'>in</span> <span class='ocrx_word' id='word_1_66' title='bbox 573 1338 695 1403; x_wconf 84' lang='lat' dir='ltr'>Achille</span> <span class='ocrx_word' id='word_1_67' title='bbox 717 1352 903 1426; x_wconf 88' lang='lat' dir='ltr'>occurrunt.</span> <span class='ocrx_word' id='word_1_68' title='bbox 928 1335 1154 1424; x_wconf 83' lang='lat' dir='ltr'>Apollodorus,</span> <span class='ocrx_word' id='word_1_69' title='bbox 1171 1325 1298 1417; x_wconf 82' lang='lat' dir='ltr'>tib.&#39;111,</span> <span class='ocrx_word' id='word_1_70' title='bbox 1310 1358 1378 1423; x_wconf 88' lang='lat' dir='ltr'>cap.</span> <span class='ocrx_word' id='word_1_71' title='bbox 1397 1358 1447 1416; x_wconf 83' lang='lat' dir='ltr'>sn,</span> 
     </span>
    </p>
   </div>
   <div class='ocr_carea' id='block_1_3' title="bbox 268 1440 1449 1637">
    <p class='ocr_par' dir='ltr' id='par_1_3' title="bbox 268 1440 1449 1637">
     <span class='ocr_line' id='line_1_10' title="bbox 284 1440 1448 1541; baseline -0.008 -30"><span class='ocrx_word' id='word_1_72' title='bbox 284 1505 287 1510; x_wconf 92' lang='lat'><em>.</em></span> <span class='ocrx_word' id='word_1_73' title='bbox 389 1458 404 1522; x_wconf 80' lang='lat' dir='ltr'>s</span> <span class='ocrx_word' id='word_1_74' title='bbox 419 1445 455 1526; x_wconf 91' lang='lat'>8,</span> <span class='ocrx_word' id='word_1_75' title='bbox 470 1444 564 1522; x_wconf 88' lang='lat' dir='ltr'>dicit,</span> <span class='ocrx_word' id='word_1_76' title='bbox 580 1442 733 1507; x_wconf 75' lang='lat' dir='ltr'>Achillem</span> <span class='ocrx_word' id='word_1_77' title='bbox 752 1463 839 1503; x_wconf 84' lang='lat' dir='ltr'>anno</span> <span class='ocrx_word' id='word_1_78' title='bbox 858 1461 946 1504; x_wconf 88' lang='lat' dir='ltr'>nono</span> <span class='ocrx_word' id='word_1_79' title='bbox 964 1443 1062 1504; x_wconf 87' lang='lat' dir='ltr'>aetatis</span> <span class='ocrx_word' id='word_1_80' title='bbox 1080 1440 1176 1504; x_wconf 87' lang='lat' dir='ltr'>luisse</span> <span class='ocrx_word' id='word_1_81' title='bbox 1192 1463 1208 1502; x_wconf 83' lang='lat' dir='ltr'>a</span> <span class='ocrx_word' id='word_1_82' title='bbox 1229 1457 1329 1504; x_wconf 78' lang='lat' dir='ltr'>matre</span> <span class='ocrx_word' id='word_1_83' title='bbox 1346 1441 1378 1503; x_wconf 91' lang='lat' dir='ltr'>in</span> <span class='ocrx_word' id='word_1_84' title='bbox 1397 1441 1448 1541; x_wconf 84' lang='lat' dir='ltr'>in·</span> 
     </span>
     <span class='ocr_line' id='line_1_11' title="bbox 268 1541 1449 1637; baseline -0.006 -22"><span class='ocrx_word' id='word_1_85' title='bbox 268 1541 269 1544; x_wconf 23' lang='lat'>¹</span> <span class='ocrx_word' id='word_1_86' title='bbox 390 1552 456 1614; x_wconf 85' lang='lat' dir='ltr'>sula</span> <span class='ocrx_word' id='word_1_87' title='bbox 487 1549 586 1637; x_wconf 84' lang='lat' dir='ltr'>Scyro</span> <span class='ocrx_word' id='word_1_88' title='bbox 611 1547 823 1626; x_wconf 88' lang='lat' dir='ltr'>occultatum,</span> <span class='ocrx_word' id='word_1_89' title='bbox 840 1561 872 1608; x_wconf 92' lang='lat' dir='ltr'>et</span> <span class='ocrx_word' id='word_1_90' title='bbox 897 1545 1005 1633; x_wconf 91' lang='lat' dir='ltr'>paullo</span> <span class='ocrx_word' id='word_1_91' title='bbox 1031 1560 1104 1632; x_wconf 89' lang='lat' dir='ltr'>post</span> <span class='ocrx_word' id='word_1_92' title='bbox 1122 1543 1198 1608; x_wconf 91' lang='lat' dir='ltr'>inde</span> <span class='ocrx_word' id='word_1_93' title='bbox 1220 1543 1449 1625; x_wconf 80' lang='lat' dir='ltr'>ad&#39;l&#39;rojanum</span> 
     </span>
    </p>
   </div>
   <div class='ocr_carea' id='block_1_4' title="bbox 388 1649 1450 2480">
    <p class='ocr_par' dir='ltr' id='par_1_4' title="bbox 388 1649 1450 2480">
     <span class='ocr_line' id='line_1_12' title="bbox 390 1649 1450 1732; baseline -0.008 -12"><span class='ocrx_word' id='word_1_94' title='bbox 390 1657 510 1720; x_wconf 85' lang='lat' dir='ltr'>bellurn</span> <span class='ocrx_word' id='word_1_95' title='bbox 528 1649 807 1732; x_wconf 76' lang='lat' dir='ltr'>extractnm5vide</span> <span class='ocrx_word' id='word_1_96' title='bbox 825 1651 932 1716; x_wconf 84' lang='lat' dir='ltr'>Barth.</span> <span class='ocrx_word' id='word_1_97' title='bbox 949 1650 1084 1716; x_wconf 77' lang='lat' dir='ltr'>adstat.</span> <span class='ocrx_word' id='word_1_98' title='bbox 1107 1650 1208 1715; x_wconf 75' lang='lat' dir='ltr'>Achil.</span> <span class='ocrx_word' id='word_1_99' title='bbox 1229 1653 1260 1730; x_wconf 92' lang='lat'>1,</span> <span class='ocrx_word' id='word_1_100' title='bbox 1280 1675 1293 1715; x_wconf 94' lang='lat'>1</span> <span class='ocrx_word' id='word_1_101' title='bbox 1318 1665 1350 1712; x_wconf 93' lang='lat' dir='ltr'>et</span> <span class='ocrx_word' id='word_1_102' title='bbox 1375 1649 1450 1714; x_wconf 81' lang='lat'><strong>503.</strong></span> 
     </span>
     <span class='ocr_line' id='line_1_13' title="bbox 391 1755 1449 1849; baseline -0.008 -23"><span class='ocrx_word' id='word_1_103' title='bbox 391 1760 622 1849; x_wconf 75' lang='lat' dir='ltr'>Neoptolemus</span> <span class='ocrx_word' id='word_1_104' title='bbox 637 1779 730 1836; x_wconf 87' lang='lat' dir='ltr'>vero,</span> <span class='ocrx_word' id='word_1_105' title='bbox 748 1779 785 1818; x_wconf 90' lang='lat' dir='ltr'>ex</span> <span class='ocrx_word' id='word_1_106' title='bbox 809 1755 975 1820; x_wconf 80' lang='lat' dir='ltr'>Deidamia</span> <span class='ocrx_word' id='word_1_107' title='bbox 999 1773 1184 1844; x_wconf 86' lang='lat' dir='ltr'>susceptus,</span> <span class='ocrx_word' id='word_1_108' title='bbox 1201 1779 1304 1820; x_wconf 89' lang='lat' dir='ltr'>unum</span> <span class='ocrx_word' id='word_1_109' title='bbox 1327 1778 1449 1820; x_wconf 85' lang='lat' dir='ltr'>annum</span> 
     </span>
     <span class='ocr_line' id='line_1_14' title="bbox 390 1859 1445 1956; baseline -0.009 -24"><span class='ocrx_word' id='word_1_110' title='bbox 390 1867 512 1956; x_wconf 84' lang='lat' dir='ltr'>agebat,</span> <span class='ocrx_word' id='word_1_111' title='bbox 521 1885 623 1952; x_wconf 88' lang='lat' dir='ltr'>quum</span> <span class='ocrx_word' id='word_1_112' title='bbox 634 1863 674 1926; x_wconf 87' lang='lat' dir='ltr'>ah</span> <span class='ocrx_word' id='word_1_113' title='bbox 691 1862 791 1950; x_wconf 81' lang='lat' dir='ltr'>Ulyxe</span> <span class='ocrx_word' id='word_1_114' title='bbox 807 1861 1103 1948; x_wconf 85' lang='lat' dir='ltr'>deprehenderetur</span> <span class='ocrx_word' id='word_1_115' title='bbox 1115 1861 1267 1944; x_wconf 72' lang='lat' dir='ltr'>Achilles,</span> <span class='ocrx_word' id='word_1_116' title='bbox 1282 1859 1355 1924; x_wconf 84' lang='lat' dir='ltr'>vide</span> <span class='ocrx_word' id='word_1_117' title='bbox 1368 1861 1445 1924; x_wconf 87' lang='lat' dir='ltr'>Stat.</span> 
     </span>
     <span class='ocr_line' id='line_1_15' title="bbox 393 1963 1446 2052; baseline -0.009 -18"><span class='ocrx_word' id='word_1_118' title='bbox 393 1969 493 2034; x_wconf 79' lang='lat' dir='ltr'>Achil.</span> <span class='ocrx_word' id='word_1_119' title='bbox 511 1965 659 2050; x_wconf 72' lang='lat'>11‚234;</span> <span class='ocrx_word' id='word_1_120' title='bbox 677 1966 729 2028; x_wconf 88' lang='lat' dir='ltr'>ille</span> <span class='ocrx_word' id='word_1_121' title='bbox 748 1980 854 2028; x_wconf 89' lang='lat' dir='ltr'>tamen</span> <span class='ocrx_word' id='word_1_122' title='bbox 879 1981 952 2052; x_wconf 91' lang='lat' dir='ltr'>post</span> <span class='ocrx_word' id='word_1_123' title='bbox 975 1963 1085 2028; x_wconf 88' lang='lat' dir='ltr'>decern</span> <span class='ocrx_word' id='word_1_124' title='bbox 1102 1965 1152 2027; x_wconf 87' lang='lat' dir='ltr'>vel</span> <span class='ocrx_word' id='word_1_125' title='bbox 1174 1963 1325 2028; x_wconf 88' lang='lat' dir='ltr'>undecim</span> <span class='ocrx_word' id='word_1_126' title='bbox 1345 1987 1446 2026; x_wconf 87' lang='lat' dir='ltr'>annos</span> 
     </span>
     <span class='ocr_line' id='line_1_16' title="bbox 388 2069 1447 2156; baseline -0.004 -17"><span class='ocrx_word' id='word_1_127' title='bbox 388 2077 453 2156; x_wconf 87' lang='lat' dir='ltr'>jam</span> <span class='ocrx_word' id='word_1_128' title='bbox 473 2075 531 2152; x_wconf 87' lang='lat' dir='ltr'>vir,</span> <span class='ocrx_word' id='word_1_129' title='bbox 552 2089 585 2135; x_wconf 90' lang='lat' dir='ltr'>et</span> <span class='ocrx_word' id='word_1_130' title='bbox 603 2069 819 2134; x_wconf 89' lang='lat' dir='ltr'>ferocissimus</span> <span class='ocrx_word' id='word_1_131' title='bbox 838 2071 884 2134; x_wconf 94' lang='lat' dir='ltr'>llii</span> <span class='ocrx_word' id='word_1_132' title='bbox 900 2087 1058 2149; x_wconf 84' lang='lat' dir='ltr'>vastator,</span> <span class='ocrx_word' id='word_1_133' title='bbox 1080 2085 1112 2134; x_wconf 88' lang='lat' dir='ltr'>et</span> <span class='ocrx_word' id='word_1_134' title='bbox 1128 2069 1245 2133; x_wconf 82' lang='lat' dir='ltr'>Priami</span> <span class='ocrx_word' id='word_1_135' title='bbox 1263 2069 1447 2135; x_wconf 85' lang='lat' dir='ltr'>interfector</span> 
     </span>
     <span class='ocr_line' id='line_1_17' title="bbox 391 2175 1446 2266; baseline -0.008 -21"><span class='ocrx_word' id='word_1_136' title='bbox 391 2182 558 2246; x_wconf 86' lang='lat' dir='ltr'>inducitur</span> <span class='ocrx_word' id='word_1_137' title='bbox 573 2201 590 2242; x_wconf 89' lang='lat' dir='ltr'>a</span> <span class='ocrx_word' id='word_1_138' title='bbox 604 2177 756 2266; x_wconf 78' lang='lat' dir='ltr'>Virgilio,</span> <span class='ocrx_word' id='word_1_139' title='bbox 777 2177 853 2240; x_wconf 86' lang='lat' dir='ltr'>AEn.</span> <span class='ocrx_word' id='word_1_140' title='bbox 877 2177 908 2239; x_wconf 89' lang='lat'>11</span> <span class='ocrx_word' id='word_1_141' title='bbox 916 2225 924 2249; x_wconf 83' lang='grc'>,</span> <span class='ocrx_word' id='word_1_142' title='bbox 954 2193 986 2241; x_wconf 90' lang='lat' dir='ltr'>et</span> <span class='ocrx_word' id='word_1_143' title='bbox 1004 2175 1094 2240; x_wconf 89' lang='lat' dir='ltr'>aliis:</span> <span class='ocrx_word' id='word_1_144' title='bbox 1115 2175 1233 2264; x_wconf 88' lang='lat' dir='ltr'>quihus</span> <span class='ocrx_word' id='word_1_145' title='bbox 1258 2175 1446 2239; x_wconf 86' lang='lat' dir='ltr'>crediderim</span> 
     </span>
     <span class='ocr_line' id='line_1_18' title="bbox 391 2280 1448 2370; baseline -0.009 -18"><span class='ocrx_word' id='word_1_146' title='bbox 391 2287 543 2352; x_wconf 88' lang='lat' dir='ltr'>Ovidium</span> <span class='ocrx_word' id='word_1_147' title='bbox 558 2283 745 2362; x_wconf 89' lang='lat' dir='ltr'>inductum,</span> <span class='ocrx_word' id='word_1_148' title='bbox 760 2296 795 2345; x_wconf 91' lang='lat' dir='ltr'>ut</span> <span class='ocrx_word' id='word_1_149' title='bbox 805 2281 1053 2370; x_wconf 85' lang='lat' dir='ltr'>Neoptolemum</span> <span class='ocrx_word' id='word_1_150' title='bbox 1066 2280 1173 2345; x_wconf 86' lang='lat' dir='ltr'>adhuc</span> <span class='ocrx_word' id='word_1_151' title='bbox 1189 2282 1220 2344; x_wconf 90' lang='lat' dir='ltr'>in</span> <span class='ocrx_word' id='word_1_152' title='bbox 1236 2281 1336 2368; x_wconf 82' lang='lat' dir='ltr'>Scyro</span> <span class='ocrx_word' id='word_1_153' title='bbox 1352 2281 1448 2343; x_wconf 78' lang='lat' dir='ltr'>sitisse</span> 
     </span>
     <span class='ocr_line' id='line_1_19' title="bbox 391 2384 1196 2480; baseline -0.01 -25"><span class='ocrx_word' id='word_1_154' title='bbox 391 2392 505 2480; x_wconf 81' lang='lat' dir='ltr'>lingat,</span> <span class='ocrx_word' id='word_1_155' title='bbox 521 2389 597 2453; x_wconf 89' lang='lat' dir='ltr'>Met.</span> <span class='ocrx_word' id='word_1_156' title='bbox 616 2389 712 2466; x_wconf 85' lang='lat' dir='ltr'>Xlll,</span> <span class='ocrx_word' id='word_1_157' title='bbox 736 2384 814 2464; x_wconf 80' lang='lat'>155,</span> <span class='ocrx_word' id='word_1_158' title='bbox 833 2387 890 2449; x_wconf 89' lang='lat' dir='ltr'>uhi</span> <span class='ocrx_word' id='word_1_159' title='bbox 907 2385 948 2450; x_wconf 90' lang='lat' dir='ltr'>de</span> <span class='ocrx_word' id='word_1_160' title='bbox 964 2388 1059 2449; x_wconf 92' lang='lat' dir='ltr'>armis</span> <span class='ocrx_word' id='word_1_161' title='bbox 1078 2387 1196 2466; x_wconf 84' lang='lat' dir='ltr'>Ajacis,</span> 
     </span>
    </p>
   </div>
   <div class='ocr_carea' id='block_1_5' title="bbox 513 2561 1186 2723">
    <p class='ocr_par' dir='ltr' id='par_1_5' title="bbox 513 2561 1186 2723">
     <span class='ocr_line' id='line_1_20' title="bbox 513 2561 1121 2634; baseline 0 -20"><span class='ocrx_word' id='word_1_162' title='bbox 513 2564 558 2615; x_wconf 85' lang='lat' dir='ltr'>Est</span> <span class='ocrx_word' id='word_1_163' title='bbox 570 2562 672 2634; x_wconf 72' lang='lat' dir='ltr'>genitor</span> <span class='ocrx_word' id='word_1_164' title='bbox 683 2561 789 2628; x_wconf 83' lang='lat' dir='ltr'>Peleus,</span> <span class='ocrx_word' id='word_1_165' title='bbox 802 2576 840 2615; x_wconf 84' lang='lat' dir='ltr'>est</span> <span class='ocrx_word' id='word_1_166' title='bbox 855 2562 972 2634; x_wconf 83' lang='lat' dir='ltr'>Pyrrhus</span> <span class='ocrx_word' id='word_1_167' title='bbox 985 2563 1054 2616; x_wconf 85' lang='lat' dir='ltr'>lilius</span> <span class='ocrx_word' id='word_1_168' title='bbox 1068 2563 1121 2628; x_wconf 85' lang='lat' dir='ltr'>illi;</span> 
     </span>
     <span class='ocr_line' id='line_1_21' title="bbox 513 2649 1186 2723; baseline -0.001 -20"><span class='ocrx_word' id='word_1_169' title='bbox 513 2652 580 2716; x_wconf 84' lang='lat' dir='ltr'>Quis</span> <span class='ocrx_word' id='word_1_170' title='bbox 592 2652 666 2703; x_wconf 89' lang='lat' dir='ltr'>locus</span> <span class='ocrx_word' id='word_1_171' title='bbox 680 2649 771 2722; x_wconf 71' lang='lat' dir='ltr'>Aiaci?</span> <span class='ocrx_word' id='word_1_172' title='bbox 783 2649 907 2702; x_wconf 84' lang='lat' dir='ltr'>Phthiam</span> <span class='ocrx_word' id='word_1_173' title='bbox 917 2651 1050 2723; x_wconf 78' lang='lat' dir='ltr'>Scyrunve</span> <span class='ocrx_word' id='word_1_174' title='bbox 1060 2651 1186 2703; x_wconf 81' lang='lat' dir='ltr'>serantur.</span> 
     </span>
    </p>
   </div>
   <div class='ocr_carea' id='block_1_6' title="bbox 388 2823 1450 4270">
    <p class='ocr_par' dir='ltr' id='par_1_6' title="bbox 388 2823 1450 4270">
     <span class='ocr_line' id='line_1_22' title="bbox 394 2823 1448 2912; baseline 0 -24"><span class='ocrx_word' id='word_1_175' title='bbox 394 2825 600 2912; x_wconf 83' lang='lat' dir='ltr'>Quamquam</span> <span class='ocrx_word' id='word_1_176' title='bbox 623 2823 737 2910; x_wconf 82' lang='lat' dir='ltr'>aliquis</span> <span class='ocrx_word' id='word_1_177' title='bbox 760 2837 870 2910; x_wconf 87' lang='lat' dir='ltr'>posset</span> <span class='ocrx_word' id='word_1_178' title='bbox 890 2823 1104 2904; x_wconf 91' lang='lat' dir='ltr'>contendere,</span> <span class='ocrx_word' id='word_1_179' title='bbox 1129 2823 1287 2912; x_wconf 90' lang='lat' dir='ltr'>Pyrrhum</span> <span class='ocrx_word' id='word_1_180' title='bbox 1305 2841 1380 2911; x_wconf 91' lang='lat' dir='ltr'>post</span> <span class='ocrx_word' id='word_1_181' title='bbox 1396 2848 1448 2888; x_wconf 87' lang='lat' dir='ltr'>ar·</span> 
     </span>
     <span class='ocr_line' id='line_1_23' title="bbox 393 2926 1448 3008; baseline -0.002 -14"><span class='ocrx_word' id='word_1_182' title='bbox 393 2952 519 2994; x_wconf 85' lang='lat' dir='ltr'>morum</span> <span class='ocrx_word' id='word_1_183' title='bbox 536 2926 694 3008; x_wconf 89' lang='lat' dir='ltr'>judicium</span> <span class='ocrx_word' id='word_1_184' title='bbox 713 2928 901 2991; x_wconf 79' lang='lat' dir='ltr'>Graecornm</span> <span class='ocrx_word' id='word_1_185' title='bbox 919 2929 1072 2992; x_wconf 88' lang='lat' dir='ltr'>exercitui</span> <span class='ocrx_word' id='word_1_186' title='bbox 1089 2929 1273 2992; x_wconf 85' lang='lat' dir='ltr'>accessisse:</span> <span class='ocrx_word' id='word_1_187' title='bbox 1294 2951 1368 2992; x_wconf 86' lang='lat' dir='ltr'>nam</span> <span class='ocrx_word' id='word_1_188' title='bbox 1386 2929 1448 2992; x_wconf 88' lang='lat' dir='ltr'>nisi</span> 
     </span>
     <span class='ocr_line' id='line_1_24' title="bbox 392 3030 1447 3119; baseline 0.003 -25"><span class='ocrx_word' id='word_1_189' title='bbox 392 3033 455 3096; x_wconf 87' lang='lat' dir='ltr'>hoc</span> <span class='ocrx_word' id='word_1_190' title='bbox 468 3032 602 3097; x_wconf 82' lang='lat' dir='ltr'>Ovidius</span> <span class='ocrx_word' id='word_1_191' title='bbox 614 3030 800 3111; x_wconf 83' lang='lat' dir='ltr'>crediderit,</span> <span class='ocrx_word' id='word_1_192' title='bbox 812 3030 872 3094; x_wconf 89' lang='lat' dir='ltr'>sihi</span> <span class='ocrx_word' id='word_1_193' title='bbox 887 3031 1128 3118; x_wconf 88' lang='lat' dir='ltr'>obloqueretur,</span> <span class='ocrx_word' id='word_1_194' title='bbox 1139 3055 1241 3119; x_wconf 88' lang='lat' dir='ltr'>quum</span> <span class='ocrx_word' id='word_1_195' title='bbox 1256 3033 1331 3095; x_wconf 66' lang='lat' dir='ltr'>mox</span> <span class='ocrx_word' id='word_1_196' title='bbox 1342 3057 1373 3097; x_wconf 86' lang='lat' dir='ltr'>v.</span> <span class='ocrx_word' id='word_1_197' title='bbox 1384 3033 1447 3112; x_wconf 70' lang='lat'>455</span> 
     </span>
     <span class='ocr_line' id='line_1_25' title="bbox 392 3133 1448 3224; baseline 0 -24"><span class='ocrx_word' id='word_1_198' title='bbox 392 3159 467 3202; x_wconf 84' lang='lat' dir='ltr'>curn</span> <span class='ocrx_word' id='word_1_199' title='bbox 491 3135 661 3224; x_wconf 69' lang='lat' dir='ltr'>Polyxene</span> <span class='ocrx_word' id='word_1_200' title='bbox 687 3133 763 3198; x_wconf 89' lang='lat' dir='ltr'>caedi</span> <span class='ocrx_word' id='word_1_201' title='bbox 786 3135 941 3223; x_wconf 87' lang='lat' dir='ltr'>parentali</span> <span class='ocrx_word' id='word_1_202' title='bbox 964 3135 1146 3200; x_wconf 84' lang='lat' dir='ltr'>interfuisse</span> <span class='ocrx_word' id='word_1_203' title='bbox 1170 3153 1290 3218; x_wconf 88' lang='lat' dir='ltr'>narret,</span> <span class='ocrx_word' id='word_1_204' title='bbox 1317 3138 1344 3200; x_wconf 91' lang='lat' dir='ltr'>si</span> <span class='ocrx_word' id='word_1_205' title='bbox 1367 3140 1448 3200; x_wconf 83' lang='lat' dir='ltr'>forte</span> 
     </span>
     <span class='ocr_line' id='line_1_26' title="bbox 392 3239 1447 3329; baseline 0.001 -25"><span class='ocrx_word' id='word_1_206' title='bbox 392 3241 461 3305; x_wconf 78' lang='lat' dir='ltr'>hec</span> <span class='ocrx_word' id='word_1_207' title='bbox 490 3257 554 3303; x_wconf 85' lang='lat' dir='ltr'>tam</span> <span class='ocrx_word' id='word_1_208' title='bbox 584 3255 730 3304; x_wconf 88' lang='lat' dir='ltr'>accurate</span> <span class='ocrx_word' id='word_1_209' title='bbox 754 3239 841 3303; x_wconf 89' lang='lat' dir='ltr'>Naso</span> <span class='ocrx_word' id='word_1_210' title='bbox 866 3241 1040 3304; x_wconf 85' lang='lat' dir='ltr'>excusserit</span> <span class='ocrx_word' id='word_1_211' title='bbox 1069 3241 1101 3303; x_wconf 95' lang='lat' dir='ltr'>in</span> <span class='ocrx_word' id='word_1_212' title='bbox 1137 3262 1234 3329; x_wconf 88' lang='lat' dir='ltr'>opere</span> <span class='ocrx_word' id='word_1_213' title='bbox 1260 3240 1349 3328; x_wconf 91' lang='lat' dir='ltr'>quod</span> <span class='ocrx_word' id='word_1_214' title='bbox 1382 3265 1447 3305; x_wconf 91' lang='lat' dir='ltr'>non</span> 
     </span>
     <span class='ocr_line' id='line_1_27' title="bbox 393 3345 1448 3438; baseline 0.002 -27"><span class='ocrx_word' id='word_1_215' title='bbox 393 3347 584 3412; x_wconf 86' lang='lat' dir='ltr'>emendavit.</span> <span class='ocrx_word' id='word_1_216' title='bbox 610 3345 757 3433; x_wconf 90' lang='lat' dir='ltr'>Denique</span> <span class='ocrx_word' id='word_1_217' title='bbox 782 3347 876 3410; x_wconf 84' lang='lat' dir='ltr'>Pelea</span> <span class='ocrx_word' id='word_1_218' title='bbox 899 3347 1007 3410; x_wconf 88' lang='lat' dir='ltr'>omnia</span> <span class='ocrx_word' id='word_1_219' title='bbox 1034 3347 1085 3411; x_wconf 89' lang='lat' dir='ltr'>illa</span> <span class='ocrx_word' id='word_1_220' title='bbox 1114 3349 1233 3438; x_wconf 80' lang='lat' dir='ltr'>egisse,</span> <span class='ocrx_word' id='word_1_221' title='bbox 1261 3371 1332 3436; x_wconf 78' lang='lat' dir='ltr'>quae</span> <span class='ocrx_word' id='word_1_222' title='bbox 1354 3373 1448 3437; x_wconf 90' lang='lat' dir='ltr'>supra</span> 
     </span>
     <span class='ocr_line' id='line_1_28' title="bbox 391 3449 1448 3542; baseline 0.002 -28"><span class='ocrx_word' id='word_1_223' title='bbox 391 3452 544 3532; x_wconf 83' lang='lat' dir='ltr'>vidimus,</span> <span class='ocrx_word' id='word_1_224' title='bbox 562 3467 637 3539; x_wconf 92' lang='lat' dir='ltr'>post</span> <span class='ocrx_word' id='word_1_225' title='bbox 653 3449 906 3538; x_wconf 88' lang='lat' dir='ltr'>expeditionem,</span> <span class='ocrx_word' id='word_1_226' title='bbox 923 3451 999 3514; x_wconf 88' lang='lat' dir='ltr'>inde</span> <span class='ocrx_word' id='word_1_227' title='bbox 1016 3470 1164 3539; x_wconf 88' lang='lat' dir='ltr'>apparet,</span> <span class='ocrx_word' id='word_1_228' title='bbox 1177 3451 1266 3540; x_wconf 90' lang='lat' dir='ltr'>quod</span> <span class='ocrx_word' id='word_1_229' title='bbox 1284 3455 1448 3542; x_wconf 83' lang='lat' dir='ltr'>superine·</span> 
     </span>
     <span class='ocr_line' id='line_1_29' title="bbox 391 3552 1449 3646; baseline 0 -26"><span class='ocrx_word' id='word_1_230' title='bbox 391 3559 435 3620; x_wconf 88' lang='lat' dir='ltr'>rit</span> <span class='ocrx_word' id='word_1_231' title='bbox 453 3578 555 3643; x_wconf 87' lang='lat' dir='ltr'>usque</span> <span class='ocrx_word' id='word_1_232' title='bbox 573 3552 613 3617; x_wconf 86' lang='lat' dir='ltr'>ad</span> <span class='ocrx_word' id='word_1_233' title='bbox 632 3553 751 3618; x_wconf 91' lang='lat' dir='ltr'>bellum</span> <span class='ocrx_word' id='word_1_234' title='bbox 768 3553 964 3638; x_wconf 74' lang='lat' dir='ltr'>Troianum,</span> <span class='ocrx_word' id='word_1_235' title='bbox 988 3577 1059 3642; x_wconf 83' lang='lat' dir='ltr'>quae</span> <span class='ocrx_word' id='word_1_236' title='bbox 1080 3557 1354 3646; x_wconf 85' lang='lat' dir='ltr'>setaslongissima</span> <span class='ocrx_word' id='word_1_237' title='bbox 1371 3559 1449 3620; x_wconf 91' lang='lat' dir='ltr'>fuis·</span> 
     </span>
     <span class='ocr_line' id='line_1_30' title="bbox 393 3659 1450 3750; baseline 0 -26"><span class='ocrx_word' id='word_1_238' title='bbox 393 3677 457 3740; x_wconf 89' lang='lat' dir='ltr'>set,</span> <span class='ocrx_word' id='word_1_239' title='bbox 475 3662 501 3724; x_wconf 89' lang='lat' dir='ltr'>si</span> <span class='ocrx_word' id='word_1_240' title='bbox 518 3677 582 3724; x_wconf 83' lang='lat' dir='ltr'>tarn</span> <span class='ocrx_word' id='word_1_241' title='bbox 599 3674 748 3747; x_wconf 83' lang='lat' dir='ltr'>provecta</span> <span class='ocrx_word' id='word_1_242' title='bbox 767 3673 874 3737; x_wconf 77' lang='lat' dir='ltr'>etate,</span> <span class='ocrx_word' id='word_1_243' title='bbox 898 3674 929 3721; x_wconf 90' lang='lat' dir='ltr'>et</span> <span class='ocrx_word' id='word_1_244' title='bbox 949 3674 999 3721; x_wconf 90' lang='lat' dir='ltr'>tot</span> <span class='ocrx_word' id='word_1_245' title='bbox 1017 3659 1114 3724; x_wconf 87' lang='lat' dir='ltr'>rebus</span> <span class='ocrx_word' id='word_1_246' title='bbox 1135 3661 1231 3750; x_wconf 84' lang='lat' dir='ltr'>gestis</span> <span class='ocrx_word' id='word_1_247' title='bbox 1252 3661 1384 3724; x_wconf 91' lang='lat' dir='ltr'>demum</span> <span class='ocrx_word' id='word_1_248' title='bbox 1410 3659 1450 3724; x_wconf 87' lang='lat' dir='ltr'>ad</span> 
     </span>
     <span class='ocr_line' id='line_1_31' title="bbox 392 3762 1449 3856; baseline 0 -26"><span class='ocrx_word' id='word_1_249' title='bbox 392 3767 637 3854; x_wconf 78' lang='lat' dir='ltr'>Argonauticam</span> <span class='ocrx_word' id='word_1_250' title='bbox 655 3762 892 3851; x_wconf 90' lang='lat' dir='ltr'>expeditionem</span> <span class='ocrx_word' id='word_1_251' title='bbox 910 3767 1074 3851; x_wconf 81' lang='lat' dir='ltr'>proiectus</span> <span class='ocrx_word' id='word_1_252' title='bbox 1093 3767 1213 3830; x_wconf 86' lang='lat' dir='ltr'>fnisset.</span> <span class='ocrx_word' id='word_1_253' title='bbox 1234 3767 1449 3856; x_wconf 80' lang='lat' dir='ltr'>supervixisse</span> 
     </span>
     <span class='ocr_line' id='line_1_32' title="bbox 391 3869 1450 3959; baseline 0.006 -29"><span class='ocrx_word' id='word_1_254' title='bbox 391 3893 468 3934; x_wconf 87' lang='lat' dir='ltr'>vero</span> <span class='ocrx_word' id='word_1_255' title='bbox 481 3869 596 3932; x_wconf 80' lang='lat' dir='ltr'>Achilli</span> <span class='ocrx_word' id='word_1_256' title='bbox 614 3893 651 3932; x_wconf 87' lang='lat' dir='ltr'>ex</span> <span class='ocrx_word' id='word_1_257' title='bbox 666 3869 772 3932; x_wconf 88' lang='lat' dir='ltr'>Ovidii</span> <span class='ocrx_word' id='word_1_258' title='bbox 788 3869 878 3949; x_wconf 91' lang='lat' dir='ltr'>loco,</span> <span class='ocrx_word' id='word_1_259' title='bbox 897 3869 974 3934; x_wconf 89' lang='lat' dir='ltr'>Met.</span> <span class='ocrx_word' id='word_1_260' title='bbox 992 3871 1087 3951; x_wconf 84' lang='lat' dir='ltr'>XlIl,</span> <span class='ocrx_word' id='word_1_261' title='bbox 1109 3871 1187 3954; x_wconf 89' lang='lat'>155,</span> <span class='ocrx_word' id='word_1_262' title='bbox 1202 3889 1346 3959; x_wconf 80' lang='lat' dir='ltr'>apparet,</span> <span class='ocrx_word' id='word_1_263' title='bbox 1363 3889 1450 3936; x_wconf 86' lang='lat' dir='ltr'>etex</span> 
     </span>
     <span class='ocr_line' id='line_1_33' title="bbox 392 3973 1449 4065; baseline 0.003 -28"><span class='ocrx_word' id='word_1_264' title='bbox 392 3973 554 4037; x_wconf 84' lang='lat' dir='ltr'>Plutarchi</span> <span class='ocrx_word' id='word_1_265' title='bbox 572 3973 674 4052; x_wconf 86' lang='lat' dir='ltr'>libro,</span> <span class='ocrx_word' id='word_1_266' title='bbox 696 3977 748 4036; x_wconf 85' lang='lat' dir='ltr'>An</span> <span class='ocrx_word' id='word_1_267' title='bbox 764 3977 885 4038; x_wconf 76' lang='lat' dir='ltr'>senisu</span> <span class='ocrx_word' id='word_1_268' title='bbox 901 3975 1040 4058; x_wconf 78' lang='lat' dir='ltr'>gerenda</span> <span class='ocrx_word' id='word_1_269' title='bbox 1062 3975 1250 4065; x_wconf 80' lang='lat' dir='ltr'>respublica,</span> <span class='ocrx_word' id='word_1_270' title='bbox 1276 3978 1332 4064; x_wconf 86' lang='lat' dir='ltr'>qui</span> <span class='ocrx_word' id='word_1_271' title='bbox 1353 3977 1449 4061; x_wconf 90' lang='lat' dir='ltr'>dicit,</span> 
     </span>
     <span class='ocr_line' id='line_1_34' title="bbox 391 4076 1449 4169; baseline 0.005 -30"><span class='ocrx_word' id='word_1_272' title='bbox 391 4076 485 4140; x_wconf 82' lang='lat' dir='ltr'>Peleo</span> <span class='ocrx_word' id='word_1_273' title='bbox 501 4093 533 4140; x_wconf 92' lang='lat' dir='ltr'>et</span> <span class='ocrx_word' id='word_1_274' title='bbox 546 4079 679 4141; x_wconf 85' lang='lat' dir='ltr'>Laerten</span> <span class='ocrx_word' id='word_1_275' title='bbox 698 4076 786 4140; x_wconf 90' lang='lat' dir='ltr'>domi</span> <span class='ocrx_word' id='word_1_276' title='bbox 801 4076 976 4160; x_wconf 85' lang='lat' dir='ltr'>desedisse,</span> <span class='ocrx_word' id='word_1_277' title='bbox 993 4078 1132 4168; x_wconf 90' lang='lat' dir='ltr'>ideoque</span> <span class='ocrx_word' id='word_1_278' title='bbox 1148 4080 1316 4169; x_wconf 88' lang='lat' dir='ltr'>despectos</span> <span class='ocrx_word' id='word_1_279' title='bbox 1325 4130 1338 4166; x_wconf 20' lang='lat'>,¹</span> <span class='ocrx_word' id='word_1_280' title='bbox 1347 4105 1449 4168; x_wconf 91' lang='lat' dir='ltr'>quum</span> 
     </span>
     <span class='ocr_line' id='line_1_35' title="bbox 388 4181 1450 4270; baseline 0.008 -27"><span class='ocrx_word' id='word_1_281' title='bbox 388 4181 505 4245; x_wconf 82' lang='lat' dir='ltr'>Nestor</span> <span class='ocrx_word' id='word_1_282' title='bbox 522 4182 617 4244; x_wconf 85' lang='lat' dir='ltr'>etiarn</span> <span class='ocrx_word' id='word_1_283' title='bbox 635 4202 731 4244; x_wconf 86' lang='lat' dir='ltr'>senex</span> <span class='ocrx_word' id='word_1_284' title='bbox 746 4181 873 4246; x_wconf 81' lang='lat' dir='ltr'>laudem</span> <span class='ocrx_word' id='word_1_285' title='bbox 892 4181 1000 4248; x_wconf 86' lang='lat' dir='ltr'>adhuc</span> <span class='ocrx_word' id='word_1_286' title='bbox 1016 4186 1177 4250; x_wconf 90' lang='lat' dir='ltr'>obtineret</span> <span class='ocrx_word' id='word_1_287' title='bbox 1195 4209 1284 4250; x_wconf 85' lang='lat' dir='ltr'>exre</span> <span class='ocrx_word' id='word_1_288' title='bbox 1302 4187 1450 4270; x_wconf 89' lang='lat' dir='ltr'>militari;</span> 
     </span>
    </p>
   </div>
   <div class='ocr_carea' id='block_1_7' title="bbox 0 0 1617 5128">
    <p class='ocr_par' dir='ltr' id='par_1_7' title="bbox 0 0 1617 5128">
     <span class='ocr_line' id='line_1_36' title="bbox 0 0 1617 5128; baseline 0 0"><span class='ocrx_word' id='word_1_289' title='bbox 0 0 1617 5128; x_wconf 95' lang='lat' dir='ltr'> </span> 
     </span>
    </p>
   </div>
  </div>
 </body>
</html>
