3102 5128
347 505 409 593 ηε
632 507 666 570 e.
691 507 898 573 varran
931 460 1118 574 resecr

384 639 492 728 Seque
507 659 672 727 suumque
689 639 787 704 simul
804 638 891 704 flevit
906 638 1045 704 erudelis
1065 640 1255 708 alumnum:

428 785 441 808 a
452 753 528 818 Non
546 775 607 842 ego
623 769 656 818 te
672 777 742 820 sera
759 755 855 820 talem
870 755 933 822 sub
952 770 1050 820 noete
1067 754 1233 839 videbam,
1386 781 1411 830 ⁹⁵

385 871 484 932 Sacra
492 868 619 951 ferens,
634 870 811 958 epulasque
827 869 903 952 tibi3
921 891 982 934 nee
999 869 1070 934 talis
1088 870 1190 936 hianti

385 984 480 1050 Mella
497 981 633 1062 dabam,
650 1006 688 1048 ee
706 983 825 1048 nostris
843 984 1009 1048 nutribam
1026 981 1088 1048 fida
1105 987 1247 1050 venenis.

384 1099 492 1182 Quem
508 1097 638 1188 gravida
656 1121 746 1162 nunc
763 1099 848 1163 mole
862 1099 965 1179 jaces!
989 1115 1088 1187 quarn
1109 1100 1215 1189 segnis
1238 1099 1373 1164 inertem

382 1211 492 1278 Fletus
505 1211 621 1278 habet!
642 1228 751 1276 necte
769 1212 899 1296 saltem,
917 1211 1116 1296 miserande,
1130 1214 1267 1302 peremi,

383 1327 457 1390 Heu
471 1347 590 1392 sevum
607 1347 741 1416 passure
756 1324 857 1390 diem!
872 1325 938 1406 jam
955 1326 1045 1390 nulla
1055 1325 1180 1392 videbis

383 1440 523 1522 Vellera,
540 1441 627 1506 nulla
644 1456 700 1506 tua
718 1441 874 1531 fulgentia
890 1439 978 1506 dona
996 1441 1059 1507 sub
1076 1441 1204 1507 umbra.
1312 1459 1316 1464 ’

383 1553 471 1620 Cede
488 1553 568 1637 deo,
586 1555 686 1642 inque
704 1553 773 1618 aliis
789 1554 918 1619 senium
936 1576 1026 1619 nunc
1045 1553 1156 1644 digere
1175 1555 1256 1620 lucis

383 1670 570 1752 Immemor,
583 1691 660 1750 oro,
677 1669 758 1752 mei;
771 1691 832 1732 nee
848 1691 901 1733 me
915 1685 972 1734 tua
988 1667 1080 1732 sibila
1094 1685 1166 1734 toto

383 1786 552 1874 Exagitent
568 1783 685 1848 infesta
697 1782 788 1846 mari.
805 1781 871 1848 Sed
886 1798 924 1847 tu
940 1805 1073 1872 quoque
1091 1799 1241 1866 cunctas,

382 1897 559 1981 AEsonide,
575 1897 703 1964 dimitte
718 1919 842 1980 moras,
860 1913 958 1986 atque
974 1895 1100 1988 effuge,
1126 1900 1225 1988 raptis

382 2015 584 2082 Velleribus:
604 2013 728 2103 patrios·
742 2013 879 2078 exstinxi
895 2013 991 2078 noxia
1009 2029 1137 2096 tauros;

368 2209 407 2266 9⁴.
423 2203 453 2248 Se
467 2213 594 2262 mumque
607 2197 682 2244 simul.
698 2199 788 2244 Boron.
803 2199 814 2243 1
830 2207 854 2245 et
868 2199 899 2244 ll.
915 2223 943 2234 -
961 2213 1012 2246 roo.
1024 2202 1075 2246 Heu
1086 2215 1169 2246 ravum
1177 2217 1275 2263 passure
1286 2201 1355 2248 diem.
1370 2203 1411 2250 Sic

336 2281 390 2330 sld.
404 2279 469 2328 carr.
481 2281 529 2327 Nes
538 2293 621 2324 :mm
630 2293 726 2340 passura
741 2276 808 2324 diem.
828 2271 918 2324 bonon.
936 2278 989 2324 eod.
1008 2279 1099 2326 Boron.
1111 2279 1144 2325 11.
1158 2282 1201 2327 Nm
1216 2297 1298 2328 sevum
1311 2299 1412 2345 passure

336 2362 405 2408 diem
417 2362 481 2406 lunt.
491 2359 575 2405 blsser.
587 2357 687 2419 Eugent.
702 2382 734 2391 -
752 2368 803 2404 roa.
821 2357 880 2403 Cede
890 2355 955 2403 adso.
969 2359 1060 2404 bunum
1072 2358 1126 2406 end.
1138 2361 1229 2407 Bonum
1243 2362 1253 2406 l
1265 2371 1289 2408 et
1300 2363 1331 2408 ll.
1346 2363 1391 2410 lin.

372 2551 417 2620 96.
431 2550 509 2596 Sacra
515 2543 603 2611 ferens
622 2539 741 2604 Hecate,
754 2543 849 2607 epulas·
893 2541 1014 2605 renisse,
1025 2559 1076 2613 pro
1087 2542 1132 2595 illa
1139 2542 1251 2616 joculari
1261 2541 1410 2618 frigidaque

338 2649 399 2703 que,
410 2623 506 2700 pabula
517 2662 525 2688 ,
535 2622 579 2672 tibi
590 2621 682 2679 hianti,
697 2616 792 2688 cupide
805 2637 849 2670 ar·
892 2619 1125 2692 interpretatione,
1135 2641 1166 2676 ae
1174 2660 1183 2687 ,
1191 2633 1221 2676 ut
1230 2642 1290 2678 rere
1300 2623 1387 2678 dicam
1400 2667 1408 2692 ,

337 2706 451 2782 ripienti.
472 2707 551 2770 Qruam
558 2700 678 2768 gravida,
688 2697 850 2769 gravi,mnle
892 2717 968 2770 psme
978 2699 1102 2754 absurda.
1117 2701 1168 2754 En.

332 2791 515 2858 jacesflquam
531 2781 701 2849 segnisfhrtus
720 2779 849 2845 haletre,
931 2797 990 2833 roo.
1011 2785 1064 2832 Heu
1086 2800 1176 2832 soevum
1194 2799 1300 2850 passure
1325 2785 1407 2842 diem,
1510 2840 1521 2852 ..

336 2885 416 2942 quum
436 2865 505 2920 lente
524 2859 645 2932 spiritum
665 2855 758 2922 ducis,
773 2869 848 2911 antea
892 2875 973 2929 quam
995 2858 1076 2913 tristis
1100 2860 1148 2912 tihi
1172 2861 1272 2913 orietur
1294 2877 1407 2922 aurora,

337 2961 394 3002 tum
408 2941 620 3009 vividumetque
634 2937 760 3008 igneum!
893 2955 967 3004 quum
989 2942 1059 2990 nulla
1081 2953 1123 2990 ura
1140 2939 1184 2990 sub
1202 2943 1299 3001 multa,
1317 2941 1364 2994 sbs
1382 2952 1410 2992 te

373 3045 417 3102 99.
438 3023 546 3076 Miseret
566 3035 610 3070 me
630 3016 685 3082 tui,
705 3015 741 3068 mi
759 3016 849 3078 bone;
893 3016 1067 3080 obumbrata,
1075 3019 1205 3087 fulgentia
1224 3023 1306 3079 dona,
1322 3017 1409 3072 dona-

339 3108 383 3164 sed
396 3103 522 3180 prseclare
528 3111 617 3152 tecum
628 3096 672 3168 agi
680 3107 769 3168 puter,
777 3095 849 3168 quod
894 3095 950 3162 ris,
964 3099 1126 3169 ἀναθήματα,
1142 3115 1251 3152 aureum
1263 3098 1363 3164 vellus,
1373 3104 1410 3151 mi

336 3189 397 3243 vitre
412 3184 504 3238 saltem
519 3175 690 3252 pepercerim.
708 3206 743 3215 —
760 3175 850 3228 Posset
893 3178 970 3228 debis.
982 3204 1015 3214 -
1031 3180 1078 3226 Sub
1092 3181 1176 3228 mnbra
1191 3178 1225 3230 de
1243 3177 1298 3250 ipsa
1313 3180 1411 3232 arbore

338 3263 498 3338 respondere
511 3257 608 3319 draco,
622 3267 652 3308 ut
663 3252 776 3307 Antonio
785 3253 850 3306 Tul·
894 3271 955 3307 cum
979 3253 1132 3308 Burmanno
1155 3257 1342 3329 ιἰιιιεΙΙίςὶιιιιιο.4
1354 3259 1409 3310 Ει).

341 3347 405 3412 lius,
417 3341 535 3412 Philipp.
556 3337 595 3400 ῙῙ,
614 3335 647 3388 3:
665 3339 743 3402 Quale
760 3335 850 3404 benfi·
933 3351 993 3390 10².
1008 3338 1071 3387 Cede
1083 3339 1144 3396 cleo,
1159 3335 1219 3389 fatis
1233 3337 1266 3388 ita
1281 3336 1411 3390 constitu·

340 3429 401 3476 cium
415 3435 467 3480 ser,
485 3421 553 3486 quod
565 3429 589 3468 te
601 3415 746 3466 assenseris
756 3415 851 3481 nesano
894 3425 952 3466 tum
963 3413 1071 3477 credas,
1084 3417 1159 3482 inque
1170 3418 1226 3468 aliis
1239 3419 1300 3468 lucis
1316 3419 1411 3469 sentirem

342 3505 451 3554 scalers!
471 3495 523 3551 Sed
544 3493 641 3547 erravit
661 3491 769 3554 omnino
782 3493 851 3548 Wa-
896 3514 962 3546 mum
974 3497 1075 3563 digere,
1088 3494 1171 3547 alium
1180 3494 1227 3547 tibi
1239 3494 1329 3548 lucum
1340 3515 1412 3566 qure-

342 3599 446 3656 gnernr.
461 3572 553 3628 Medea
570 3572 604 3624 de
621 3571 696 3626 luctu
714 3569 852 3626 sc-dolore
895 3571 995 3634 re‚ubi
1008 3572 1102 3626 seniles
1116 3591 1199 3627 annos
1218 3573 1254 3626 ita
1267 3573 1410 3645 transigas,

340 3660 459 3730 cogitans
481 3652 577 3726 quibus
597 3651 731 3706 afficietur
755 3649 852 3714 daeo,
896 3663 928 3704 ut
945 3669 962 3705 a
977 3651 1104 3724 presenti
1116 3651 1208 3704 dolore
1224 3651 1344 3704 animum
1359 3652 1413 3705 dif-

341 3751 371 3794 ιιι
385 3737 498 3811 primum
512 3729 661 3802 evigilabit,
676 3749 726 3784 nee
743 3729 853 3801 amplius
898 3729 1013 3794 fundas,
1027 3729 1162 3783 exhilares.

342 3815 440 3876 videbit
464 3809 589 3867 custodia
611 3828 664 3862 sure
685 3809 854 3863 commissum
937 3812 995 3865 103.
1010 3817 1140 3864 Immemor
1151 3813 1210 3872 mei,
1226 3828 1260 3862 ne
1275 3809 1310 3862 sis
1322 3813 1413 3885 μνησί-

343 3900 440 3958 vellus,
452 3892 595 3948 elfelmi?
611 3909 657 3942 ¹¹⁶⁶
669 3903 692 3941 ’θ
703 3895 789 3941 salrem
801 3908 855 3958 per·
898 3913 989 3958 suar,
1000 3901 1180 3963 utpertotum
1190 3907 1264 3943 mure
1274 3889 1358 3943 sibilis
1369 3909 1414 3945 me

343 3981 401 4040 emi,
412 3988 442 4030 nt
454 3971 578 4028 acerbum
592 3969 722 4039 effugeres
737 3967 855 4022 dolorem
898 3989 1058 4044 prosequare
1068 3968 1126 4023 tuis.

343 4058 389 4131 qui
404 4067 430 4108 te
445 4061 535 4106 manet
550 4067 622 4111 cras,
638 4051 684 4100 seu
699 4068 787 4100 soevum
799 4069 856 4117 pas·
937 4051 995 4105 105.
1006 4051 1047 4102 Tu
1056 4067 1136 4112 vero,
1146 4049 1225 4102 lason
1236 4084 1244 4114 ,
1255 4061 1359 4099 cunctas
1371 4052 1414 4102 di.

346 4155 400 4188 mre
412 4136 475 4186 diem
486 4137 496 4182 ι
506 4129 589 4181 Miror
601 4127 674 4180 bunc
689 4145 794 4182 sensum
807 4146 855 4180 na·
899 4133 980 4190 mirre,
1000 4147 1110 4200 rumpe,
1132 4147 1223 4182 moras.

345 4209 661 4268 turoeetnffeetibustam
671 4209 855 4262 beneaecom-
937 4211 996 4261 106.
1011 4210 1111 4266 Noxia,
1128 4206 1206 4280 impia
1218 4207 1246 4258 in
1258 4217 1415 4277 parentem,
1504 4227 1506 4232 ⁴

346 4291 479 4348 modatum
490 4290 629 4360 Wagneru
637 4289 664 4342 iu
677 4301 791 4344 mentem
801 4307 855 4341 non
899 4299 989 4341 tauros
998 4289 1054 4358 ejus
1065 4283 1214 4358 eompescui
1224 4301 1232 4348 ς
1242 4287 1377 4355 tem’geuas
1387 4288 1415 4340 in
