3102 5128
298 551 691 616 'ARGONAUTICON
721 549 805 613 LlB.
830 551 911 613 Vll.
1077 572 1136 636 ¹¹7

121 683 254 772 Jamque
273 698 346 746 toro
364 681 503 771 trepidas
519 683 629 746 infelix
646 681 785 745 obstruit
799 705 911 747 aures:

124 799 189 862 Nec
207 821 274 886 quo
289 797 374 862 ferre
389 799 516 887 fugam,
537 819 598 862 uec
613 819 680 884 quo
696 819 730 861 se
746 814 869 861 vertere
886 812 994 886 posset

125 914 241 978 Preusa
257 911 361 996 videt3
379 929 475 1001 rupta
490 909 587 976 condi
603 912 718 976 tellure
731 911 900 1002 premique

125 1031 322 1098 Iamdudum
337 1032 445 1120 cupit,
465 1053 502 1096 ac
518 1031 601 1096 diras
622 1029 755 1095 evadere
772 1043 877 1095 vocet.

126 1146 181 1210 llla
196 1147 289 1233 sequi
300 1145 409 1227 jubet,
426 1160 458 1210 et
472 1146 573 1235 portis
592 1145 801 1233 exspectatio
819 1141 906 1232 ipsis.
1101 1157 1139 1197 ³0⁰

126 1260 234 1324 sevus
250 1259 405 1324 Echionia
423 1283 483 1324 ceu
499 1260 640 1326 Penthea
656 1259 798 1324 Bacchus
816 1260 850 1322 in
872 1259 943 1322 aula

128 1372 267 1454 Deserit,
284 1372 407 1452 injectis
422 1396 480 1462 per
494 1373 619 1438 roscida
635 1395 757 1439 cornua
773 1374 905 1455 vinclis3
1063 1440 1067 1445 ,

128 1485 241 1566 Quum
260 1501 348 1550 tenet
362 1486 415 1550 illc
433 1487 549 1569 deum,
563 1487 818 1578 pudibundaque
833 1487 973 1578 tegmina
993 1485 1113 1564 matris,

127 1598 373 1687 Tympanaque,
390 1617 423 1665 ct
439 1602 568 1666 mollem
588 1603 697 1667 subito
714 1603 810 1667 uriser
825 1599 938 1690 accipit
954 1600 1075 1664 has'tarn
1086 1623 1097 1678 ¹:

128 1711 224 1776 Hand
239 1714 330 1778 aliter
345 1715 470 1780 deserta
484 1733 595 1805 pavet,
606 1740 728 1806 perque
742 1716 851 1780 omnia
867 1715 988 1778 circum
1106 1727 1141 1766 '⁵0⁵

128 1827 204 1891 Fert
222 1829 350 1911 oculos,
368 1830 525 1918 tectisque
543 1848 639 1920 negat
652 1829 827 1920 procedere
846 1829 947 1918 virgo.

128 1945 249 2007 Contra
266 1967 367 2012 saevus
385 1969 486 2026 autor,
510 1963 622 2010 contra
639 1947 802 2034 periturus
820 1947 913 2009 lason

130 2057 246 2148 Urget,
264 2075 296 2123 et
308 2057 425 2123 auditae
441 2075 590 2125 crescunt
604 2061 639 2123 in
654 2077 786 2148 pectore
801 2081 907 2124 voces.

128 2172 204 2236 llen
219 2169 299 2260 quid
320 2189 393 2264 agat
404 2173 419 2236 Ρ
431 2173 520 2239 videt
534 2190 667 2240 externo
686 2197 720 2238 se
741 2173 879 2262 prodere
897 2188 1021 2261 patrem

116 2337 172 2399 ’⁹⁶-
189 2338 297 2386 otum
312 2338 350 2386 sie
368 2339 452 2385 Sabell.
469 2339 555 2386 Obruit.
567 2338 642 2385 Vatic.
659 2341 748 2385 Borion.
764 2339 834 2386 codd.
853 2349 877 2386 et
892 2338 945 2385 add.
962 2347 1045 2400 preter
1056 2337 1142 2384 blaten

89 2445 116 2453 -
127 2419 183 2465 302
197 2418 299 2480 Mesae.
310 2420 368 2464 Bon.
379 2417 431 2464 oud.
443 2419 543 2463 Inteaeu's
557 2427 580 2464 et
594 2419 687 2480 inseetis
696 2435 741 2480 pro
753 2419 816 2465 varin
824 2415 879 2464 lect.
896 2418 965 2464 idem.
978 2419 1077 2463 zuene.
1090 2417 1142 2462 tta.

89 2499 188 2558 injectis.
201 2498 285 2544 Sabell.
297 2495 359 2544 rius.
371 2488 470 2558 lingent.
481 2495 611 2560 Iojeanb...
625 2495 718 2543 uinclis.
735 2498 769 2543 Ex
787 2498 865 2543 lleiue.
883 2498 946 2558 conj.
964 2497 995 2542 cl.
1012 2497 1100 2542 Hrrlca.
1113 2521 1143 2530 -

88 2577 138 2623 ³03.
154 2579 264 2639 Tegmina
274 2579 357 2640 patris.
369 2576 444 2624 Vatie.
462 2577 552 2623 Bonon.
569 2575 638 2622 codd
653 2586 677 2622 et
689 2575 744 2622 edd,
756 2585 810 2622 aute
820 2573 898 2631 Burrlr.
912 2578 992 2634 Μανία,
1006 2575 1145 2621 emendabat

89 2657 166 2704 teins.
184 2656 229 2704 Eu.

87 2797 204 2850 bucdunr
228 2795 391 2850 miseratione
412 2795 593 2866 magisque
637 2815 665 2849 re
679 2797 743 2866 gerit
765 2793 879 2858 Medea3
898 2781 987 2856 limat,
1007 2793 1146 2846 miseratur

86 2895 177 2930 rurore
189 2877 294 2930 taonis
309 2875 406 2940 ductu,
423 2873 457 2928 ad
476 2873 593 2946 exempla
638 2869 774 2932 latronem,
795 2865 944 2919 nrieerunda
967 2865 1022 2937 ipra
1046 2864 1145 2936 magis,

89 2958 222 3030 virgiuum
248 2975 307 3033 quer
331 2967 418 3029 patrer
450 2955 595 3027 fratresque
638 2945 943 3020 qunmcnlpanda‚quae
956 2944 1069 3018 ipsarum
1083 2944 1146 2997 dea-

87 3035 261 3100 occidissent,
271 3036 404 3109 proposita
418 3034 559 3088 cohorruit.
638 3045 698 3080 rum
707 3027 844 3081 lenociniis
854 3025 1146 3080 labefactareturvidet

120 3121 184 3184 296.
195 3123 302 3184 Jamque
320 3132 389 3178 toro,
406 3113 594 3176 cervicalibus,
639 3105 726 3160 adhuc
734 3105 839 3160 meliora
846 3105 1108 3179 probatque,perstat
1118 3105 1146 3155 iu

86 3201 175 3266 useh
187 3199 291 3248 obstruit
300 3215 384 3247 aures.
395 3232 401 3245 .
413 3233 418 3246 .
430 3213 535 3262 prenso,
549 3191 596 3245 de·
640 3205 672 3240 eo
681 3227 688 3253 ,
698 3197 728 3238 ut
737 3183 818 3239 domo
826 3185 892 3238 nolit
899 3183 1023 3236 excedere
1033 3195 1073 3246 ;at
1084 3199 1146 3235 veto

87 3275 215 3345 petrensi
225 3312 233 3337 ‚
245 3275 272 3326 iu
290 3273 421 3346 angustiae
436 3283 544 3337 coacta,
557 3291 598 3322 ru-
642 3267 773 3335 307-322,
786 3265 916 3318 deteriore
929 3279 989 3316 mox
1006 3261 1095 3333 incipit
1109 3281 1146 3313 se·

84 3371 127 3422 pte
136 3359 216 3408 condi
228 3358 314 3406 tellure
319 3355 445 3422 premique
450 3355 598 3422 jamdudum
641 3346 696 3418 qui.
703 3345 787 3398 Tanta
797 3354 835 3398 eet
846 3343 925 3396 animi
935 3343 1107 3414 perturbatio,
1119 3351 1147 3392 ut

87 3441 152 3504 eupit
169 3440 309 3507 (optatum
327 3432 433 3487 solenne
452 3431 479 3484 in
495 3449 599 3485 nummo
642 3425 753 3479 allectus
771 3424 859 3478 trudat
876 3423 1001 3476 ellectum
1012 3460 1019 3484 ,
1032 3433 1060 3475 ut
1078 3440 1149 3473 umo-

87 3511 373 3584 paimlorer'sautiutn
382 3515 403 3580 ),
412 3505 532 3572 aeditus,
542 3529 599 3582 que
642 3523 698 3559 rem
711 3505 779 3557 iuter
793 3515 818 3557 et
831 3520 936 3556 sensum
951 3499 1059 3573 pudoris
1073 3519 1149 3552 meur

87 3607 208 3664 pau-em,
229 3605 255 3646 et
283 3593 400 3658 trauan,
420 3604 446 3645 et
470 3589 599 3662 patriam,
642 3582 761 3636 fluctuet.
775 3585 865 3633 Contra
877 3579 1150 3640 sevuvehementts-

87 3673 202 3744 prodere
212 3670 477 3735 suaderent,evadere
484 3687 564 3721 voees.
643 3661 738 3725 simut,
747 3680 825 3718 amor,
834 3669 926 3712 contra
934 3663 1069 3726 periturus,
1078 3655 1151 3709 indu-

121 3751 355 3808 toulofiffenur
375 3749 460 3823 pergit
477 3748 599 3802 admone·
645 3743 693 3794 bitu
705 3740 781 3791 morti
793 3735 918 3804 traditus,
930 3745 1007 3790 Iason
1019 3753 1095 3806 urget.

89 3835 214 3901 reddet
223 3833 305 3898 sequi,
315 3829 421 3882 tandem
434 3829 504 3894 ubit,
516 3828 549 3884 ita
564 3838 600 3879 tu·
681 3822 740 3875 308.
755 3825 789 3870 Et
800 3821 893 3870 audita
903 3821 1042 3868 crescuutin
1051 3831 1151 3883 pectore

90 3929 172 3978 uren,
192 3926 219 3962 ut
233 3913 314 3978 portis
332 3908 421 3982 palatii
440 3907 600 3976 exspectetur
644 3924 732 3966 voees,
752 3902 788 3956 ad
809 3919 867 3973 quar
885 3895 965 3952 modo
985 3897 1153 3949 obturaverat
1199 3889 1202 3898 ¹

89 3995 155 4058 ipsis.
172 3993 310 4046 Desertam
328 3988 447 4060 igiturne
460 3986 531 4041 videt
543 3977 601 4040 Mb·
645 4002 723 4037 auree
735 3982 811 4035 verba
824 4018 833 4042 ,
845 3997 937 4033 eornm
950 3989 1038 4030 tumen
1051 3973 1151 4027 semina

89 4069 153 4136 dea,
169 4084 200 4123 ut
212 4069 278 4123 oliur
292 4071 417 4120 Pentheus.
645 4063 735 4116 furtim
745 4063 772 4115 in
784 4060 900 4114 animum
914 4055 1038 4127 delapsa,
1053 4053 1151 4106 radicet

124 4147 313 4205 termut
333 4149 430 4204 calcem
447 4144 527 4221 hujus
543 4143 603 4198 libri
646 4142 741 4196 senaim
752 4159 838 4214 egere,
848 4151 927 4209 atque
936 4137 1096 4188 incrementa
1106 4150 1150 4186 ce·

87 4244 144 4285 not.
159 4231 225 4286 301.
238 4229 291 4284 Eu.
646 4231 750 4294 perum.

124 4309 190 4364 3⁰5.
197 4309 332 4364 Hacteuur
344 4304 498 4361 adhucdum
509 4304 604 4358 fortem
683 4299 745 4368 309.
755 4297 847 4360 Videt,
857 4317 884 4351 ee
895 4293 1024 4370 peregrini
1038 4291 1152 4345 hominio
