3124 5132
351 525 355 535 ,
405 462 446 549 78
530 459 580 524 1N
610 460 695 523 sm.
719 457 919 523 sextust
948 425 1337 528 Aueousuulcou

401 577 508 648 quidam
523 572 652 644 explicent
661 574 827 640 franguntur,
846 575 1027 624 linonmar:
1042 591 1182 646 perperam
1201 575 1362 631 Burmannus
1378 591 1441 650 putat

402 660 513 714 verbum
530 658 630 724 liquitur
645 655 696 708 hoc
715 655 808 708 ultimo
828 673 905 708 semu
923 657 1077 710 Lucretium
1092 675 1160 730 sape
1178 657 1336 714 adhibuisse.
1351 665 1446 732 liquat

402 741 474 814 apud
483 737 795 792 Lucretiumbistantusa
803 738 935 802 occurrit,
949 739 994 806 11,
1011 739 1096 794 1131:
1111 745 1445 813 inpanenpejorents‘qm'ur

402 841 482 886 arm
497 824 546 890 1v,
562 823 645 893 1237:
660 824 770 890 niquitas
786 827 923 890 extemplo,
939 839 964 875 et
975 838 1111 876 moenum
1127 827 1192 878 cedis
1207 829 1240 877 ai
1257 829 1444 884 orotteusmbt

404 908 620 983 significationem
632 905 776 958 Burmanni
791 907 904 978 reperio.

438 1062 473 1113 V.
490 1059 540 1113 aio
545 1093 656 1108 .......
661 1067 662 1072 ’
667 1091 866 1107 ............
881 1057 1066 1124 necfrsgmina
1075 1072 1145 1108 curas

553 1144 688 1200 Ambenus,
700 1153 725 1190 et
733 1153 817 1190 mineo
829 1142 934 1190 medium
945 1141 1007 1189 subit
1016 1143 1091 1191 Ocrea
1099 1141 1178 1208 ligno.

402 1277 629 1347 SubisWagnerus
644 1259 829 1343 interpretatur
843 1274 943 1324 msom't.
957 1271 984 1326 Si
1003 1269 1069 1326 nihil
1081 1271 1153 1325 aliud
1171 1291 1252 1344 qoam
1265 1245 1388 1338 insidere,
1402 1297 1446 1346 ag-

399 1365 481 1433 gredi,
494 1362 545 1413 hoc
555 1357 722 1430 significaret,
732 1368 834 1419 auctor,
843 1374 926 1428 quum
940 1355 978 1408 nil
990 1356 1104 1428 amplius
1116 1357 1151 1408 de
1163 1355 1210 1410 itto
1222 1375 1358 1429 congressu
1369 1359 1446 1424 dicat,

402 1441 602 1501 desiderandum
620 1439 721 1512 aliquid
735 1439 902 1512 relinqueret.
917 1442 993 1498 tutu,
1011 1458 1067 1493 mee
1082 1439 1190 1511 quidem
1204 1442 1342 1506 sententis,
1351 1454 1386 1496 est
1399 1462 1447 1514 pro

401 1531 515 1602 configit,-
537 1544 617 1598 quern
640 1541 744 1577 sensum
767 1523 904 1576 confirmat
927 1541 978 1576 vox
999 1527 1119 1585 median,
1137 1543 1195 1578 eam
1220 1527 1334 1596 eorporis
1354 1539 1447 1598 putem

401 1613 616 1683 designanmquss
628 1605 732 1678 plagam
742 1606 850 1678 accipit.
863 1605 1015 1660 Genuinasn
1028 1606 1097 1660 hano
1110 1625 1166 1660 esse
1175 1607 1254 1680 hujus
1269 1605 1319 1662 toci
1331 1610 1447 1682 interpre-

402 1695 529 1748 tationem
550 1709 609 1744 reor
631 1688 750 1762 quidem,
770 1707 901 1761 nusquam
922 1701 1008 1744 tamen
1033 1690 1097 1744 alias
1117 1695 1224 1760 aliquem
1246 1697 1294 1746 telo
1311 1697 1382 1746 subin
1397 1693 1447 1748 hoc

402 1797 478 1832 seusu
491 1793 586 1848 repert.

436 1921 469 1971 V.
481 1917 541 1970 25².
551 1918 696 1968 Seraineeem
710 1921 792 1968 Taees
806 1915 919 1984 Hypanin
934 1919 1015 1977 vetis,
1028 1932 1102 1986 atque
1120 1923 1243 1971 remissum

548 2007 614 2052 Pone
624 2003 700 2051 tralsit
703 2001 821 2069 fugiens,
834 2015 858 2051 et
868 2003 974 2052 cursibus
985 2004 1055 2052 exuit
1066 2007 1170 2055 iustam.

400 2157 412 2174 .
424 2130 506 2187 Velsit,
523 2122 646 2196 proripit,
659 2126 798 2184 remissurn,
810 2122 992 2191 debilitatum,
1003 2125 1102 2178 viribus
1115 2124 1250 2178 deiectum
1262 2149 1283 2176 ι.
1302 2125 1451 2198 SieWegn.

401 2215 435 2264 V.
443 2227 521 2283 supra
533 2227 559 2260 a.
572 2206 630 2272 243.
645 2210 715 2260 Velit
725 2207 752 2260 h.
762 2207 779 2259 1.
790 2207 897 2279 proprie
907 2207 1018 2273 dicitnr,
1030 2209 1068 2261 uti
1080 2227 1176 2281 supra,
1187 2229 1212 2262 v.
1220 2226 1264 2279 72,
1276 2209 1361 2281 imago
1371 2227 1454 2264 cerv·

398 2295 460 2349 celsi
473 2295 569 2346 vehitur
583 2291 725 2362 gestamine
738 2289 819 2344 oonti.
841 2294 973 2343 llems'ssum
995 2291 1142 2363 significat:
1165 2295 1291 2354 deorsam,
1316 2303 1344 2344 ut
1363 2293 1454 2359 eadat,

400 2397 514 2438 oenum,-
528 2375 667 2446 omnisque
680 2392 770 2427 sensus
787 2373 831 2428 hio
850 2387 904 2427 est:
916 2376 1001 2428 Taxes
1016 2375 1143 2448 Hypanin
1161 2377 1214 2429 ima
1229 2375 1319 2436 lances
1334 2389 1455 2440 vectum,
1485 2425 1490 2434 ,

400 2463 543 2520 sublatum,
567 2457 678 2511 demittit
698 2458 844 2529 curritque,
863 2469 892 2510 ut
910 2458 1012 2512 hastam
1028 2479 1043 2511 e
1058 2477 1168 2532 corpore
1187 2459 1311 2512 extrahet
1330 2459 1401 2512 Facit
1420 2461 1458 2513 ad

398 2547 468 2599 hanc
489 2541 732 2614 interpretationem
750 2558 862 2612 sequens
870 2541 951 2594 Tullii
969 2541 1060 2606 locus,
1075 2540 1109 2596 de
1125 2542 1213 2595 Diria.
1233 2543 1264 2608 1,
1287 2545 1354 2598 123:
1373 2563 1458 2596 ramses

398 2633 531 2688 adductus,
552 2644 625 2693 quum
647 2625 769 2678 remissus
789 2639 866 2686 esset,
889 2629 914 2677 in
939 2630 1033 2678 oculum
1051 2629 1144 2679 incidit.
1161 2657 1196 2666 -
1217 2631 1249 2677 lit
1267 2631 1371 2679 cursibus
1389 2633 1461 2680 exuis

398 2718 504 2766 taran.
516 2709 559 2764 ste
571 2707 684 2771 Statius,
694 2705 779 2759 t‘heb.
791 2707 846 2765 [Χ.
861 2707 929 2778 287:
943 2714 1108 2777 Magnoquee
1120 2713 1222 2761 uulnere
1235 2713 1307 2762 telsnn
1317 2713 1395 2762 Exuit
1405 2713 1461 2778 ipse

398 2816 508 2866 genens.

433 2938 465 2982 V.
478 2931 536 2992 254.
546 2935 657 2995 Dumque
673 2931 825 2979 recollectam
837 2947 918 2980 nessus
938 2933 1011 2980 locat.
1027 2958 1062 2968 -
1077 2933 1246 2982 lleeolleasam,
1264 2929 1343 2984 Cotti.
1357 2948 1462 3002 supra,

399 3037 423 3068 v.
443 3017 508 3085 ²37:
528 3017 613 3064 docilis
631 3016 709 3080 relegi
723 3017 856 3081 docilisque
870 3015 981 3080 relinqui.
1000 3017 1089 3065 llursus
1106 3017 1187 3076 locut,
1205 3014 1307 3086 reponit
1329 3013 1389 3067 loco
1409 3033 1464 3067 suo

400 3099 435 3152 ad
448 3116 548 3170 genua,
561 3107 590 3148 nt
604 3114 683 3167 supra
696 3095 826 3160 vidimus,
839 3115 866 3148 v.
883 3097 933 3150 236
943 3113 950 3146 :
962 3099 1033 3148 Abies
1047 3098 1140 3148 obnixa
1152 3117 1227 3166 genu.

435 3255 467 3304 V.
480 3251 537 3304 256.
547 3253 643 3317 Impulit
653 3254 754 3302 adverso
763 3270 873 3319 proeeeps
890 3271 966 3319 equus
981 3254 1081 3303 Onelten
1093 3267 1173 3314 conto,

547 3337 719 3401 Nequidquam
729 3336 784 3384 rosis
793 3348 944 3385 mercantem
954 3337 1044 3386 visibus
1058 3354 1149 3387 annos.

547 3425 576 3469 ln
599 3420 663 3468 latus
677 3421 774 3469 accedis
787 3419 882 3486 sompes
890 3457 898 3480 ,
915 3421 1011 3470 aceedit
1021 3433 1045 3469 es
1063 3420 1113 3485 ipse

546 3503 674 3568 Frigidus,-
688 3521 758 3552 anna
777 3505 883 3564 eudemi,
899 3515 966 3552 rorat
981 3503 1070 3568 procul
1080 3499 1165 3551 ultima
1184 3503 1273 3568 cuspis.

547 3589 649 3654 Qualem
666 3589 778 3654 populea
787 3589 907 3656 fidentem
927 3585 1031 3636 nexibus
1050 3587 1140 3634 umbra·

546 3670 572 3718 Si
590 3669 644 3736 quis
662 3687 729 3719 asem
751 3672 837 3719 summi
853 3672 959 3720 demeat
976 3670 1008 3717 ab
1028 3687 1086 3718 aere
1105 3670 1168 3718 rami
1178 3707 1185 3732 ‚

547 3759 611 3803 Ante
628 3771 703 3802 manu
724 3756 799 3804 tacita
818 3755 859 3803 eui
870 3755 977 3820 plurima
994 3753 1067 3802 erevit
1085 3755 1198 3810 arundo,-

543 3839 592 3887 1110
613 3837 675 3887 dolis
693 3838 811 3903 viscoque
828 3854 900 3903 super
919 3849 1029 3904 correpta
1046 3836 1148 3903 sequaci

544 3923 661 3988 Implorat
673 3937 775 3982 ramos,
791 3933 866 3986 atque
886 3921 955 3970 irrita
974 3921 1081 3970 consitat
1098 3919 1164 3968 alas.

396 4057 537 4115 wracen,
560 4047 595 4098 uit
617 4044 800 4107 Burmannus,
818 4043 835 4096 i.
853 4063 877 4096 e.
896 4049 920 4096 in
939 4059 1013 4114 caput
1029 4065 1117 4104 mens,
1138 4055 1167 4097 ut
1180 4056 1250 4097 recte
1268 4044 1329 4097 Pius
1340 4069 1369 4095 ·.
1393 4050 1488 4097 Proe-

395 4152 466 4199 ceps,
483 4157 495 4174 u
506 4129 532 4181 in
547 4146 631 4200 genua
645 4125 785 4198 procidens
795 4153 820 4186 a,
837 4127 949 4200 explicet
959 4130 1119 4200 Wagnerus.
1131 4129 1216 4192 Quem
1229 4147 1335 4182 sensum
1356 4128 1382 4180 si
1404 4132 1490 4200 quis

391 4214 535 4276 adurimus,
546 4230 598 4265 uon
607 4209 703 4282 poterit
718 4229 748 4263 ee
759 4229 817 4282 qua·
831 4224 975 4282 sequuntur
986 4211 1136 4282 intelligere.
1145 4215 1270 4280 Praeceps,
1287 4211 1339 4265 hoc
1352 4251 1361 4277 ,
1375 4225 1460 4284 puto
1476 4254 1489 4278 ,
