3220 5128
510 559 936 626 lroouaurmuu.
1192 561 1254 646 ³9⁵

193 688 289 752 etiam
304 683 407 748 filium
418 685 544 748 Actoris
556 684 635 750 dicit
642 684 833 749 Scholiastes
843 683 993 771 Apollon.
1008 680 1114 746 llbod.
1129 681 1184 746 lib.
1198 684 1255 763 lV,

194 789 275 872 816,
287 789 343 854 ubi
362 789 467 873 addit,
486 793 554 870 eiras
569 789 666 854 filiam
682 789 892 854 Philomelam
905 787 1012 852 datam
1029 787 1128 852 fuism
1143 785 1257 867 Peleo,

194 917 291 982 quam
309 909 416 960 umen
439 895 587 984 Hyginus
606 896 682 960 facit
699 911 836 958 matrem
854 893 1009 974 Patrocli,
1028 915 1106 982 ergo
1122 883 1257 957 uxorem

193 998 360 1082 Memmii,
380 998 454 1064 ride
469 999 510 1064 de
525 1000 575 1064 his
591 1001 730 1087 ampllus
745 1015 894 1089 agentern
911 997 1135 1063 doctissimum
1151 997 1259 1062 Meae·

194 1105 317 1170 riacum
335 1104 377 1170 ad
395 1104 489 1170 Ovid.
506 1106 650 1196 Epistl,
667 1127 713 1170 vs.
733 1103 1048 1193 17321Munclerus
1066 1123 1199 1191 quoque
1214 1101 1256 1166 ad

194 1211 316 1299 Hygini
342 1234 412 1299 cap.
435 1233 489 1300 97,
516 1212 677 1276 Sthenelou
700 1211 845 1276 Menoetii
868 1233 1002 1276 uxorem
1028 1210 1127 1274 fuisse
1153 1223 1256 1274 notat.

195 1315 326 1380 Achillis
352 1317 447 1380 etiam
472 1333 607 1382 matrem
629 1317 837 1382 Philomelam
858 1316 975 1396 luisse,
1001 1313 1144 1380 ostendit
1168 1311 1254 1377 idem

194 1417 389 1486 Menesiacus
402 1421 443 1486 ad
457 1422 588 1487 initium
604 1425 705 1512 Epist.
722 1423 770 1488 ΙΙΙ
786 1421 902 1487 Ovidii.
924 1422 1062 1486 Potuere
1077 1439 1154 1484 vero
1174 1441 1255 1484 oon·

194 1525 380 1592 fusoel'uisse
398 1527 470 1592 duae
490 1529 656 1610 mulieres,
678 1527 864 1608 Philomela,
878 1527 1003 1592 Actoris
1017 1527 1095 1606 lilia,
1109 1523 1255 1590 Mun-etii

195 1653 304 1714 soror,
328 1654 425 1721 quam
444 1634 536 1699 duxit
557 1635 688 1716 Peleus,
712 1653 744 1700 et
761 1634 932 1721 Polyme,
952 1633 1037 1698 Pelei
1056 1632 1135 1713 lilia,
1154 1650 1252 1718 quam

197 1735 289 1802 duxit
298 1739 479 1822 Menoetius,
491 1741 583 1821 cujus
598 1763 718 1806 nomen
729 1763 789 1829 pro
798 1741 975 1804 Philomela
987 1737 1075 1828 apud
1088 1737 1253 1827 Hyginum

196 1859 279 1906 esset
296 1845 552 1928 restituendum,
572 1847 599 1910 si
617 1869 691 1911 vera
709 1863 801 1927 sunt,
818 1867 890 1933 quae
906 1844 1112 1908 doctissimus
1128 1844 1177 1906 vir
1196 1841 1254 1906 ad·

197 1963 288 2012 notat
302 1948 343 2014 ad
360 1949 454 2016 Ovid.
471 1973 511 2016 ex
528 1953 621 2018 Pout.
637 1951 691 2031 11,
707 1955 746 2032 4,
772 1974 831 2032 22,
850 1951 996 2038 quamvis
1015 1947 1103 2037 apud
1122 1948 1255 2038 Apollo·

197 2051 331 2136 dorum,
349 2055 405 2120 lib.
423 2055 492 2138 111,
509 2079 579 2144 cap.
602 2079 660 2138 ra,
682 2080 721 2121 ex
737 2057 937 2120 correctione
953 2055 1060 2136 Galei,
1078 2075 1144 2118 non
1161 2068 1255 2140 repe-

197 2159 294 2240 riam,
310 2160 505 2246 Polrmelen,
524 2164 610 2227 Pelei
628 2161 743 2244 filiam,
755 2161 813 2228 sed
827 2161 1024 2249 Polydorum
1029 2208 1040 2240 ,
1059 2181 1098 2224 ex
1113 2182 1175 2248 qua
1193 2157 1258 2221 Me·

196 2265 330 2330 metilius
344 2283 438 2331 natus
450 2269 521 2332 fuit.
539 2267 602 2332 Sed
618 2269 813 2334 Mezeriacus
828 2267 1035 2332 Eustathium
1052 2265 1131 2330 dicit
1148 2263 1256 2328 Achil·

197 2370 259 2433 lem
282 2372 386 2436 lacere
410 2371 512 2438 filium
536 2374 726 2458 Polymeles,
751 2373 878 2438 Actoris
901 2373 989 2454 liliae,
1013 2393 1084 2460 qum
1106 2387 1191 2435 certe
1214 2369 1255 2433 ab

196 2474 267 2539 aliis
283 2476 458 2542 Philomela
474 2495 619 2544 vocatur.

241 2699 424 2790 MOPSUS,
440 2709 520 2774 nulli
537 2711 674 2774 omissus
689 2727 746 2774 aut
761 2711 944 2800 ignoratus;
961 2707 1187 2806 celeberrimus
1203 2729 1255 2769 va·

198 2827 261 2894 tes,
279 2830 317 2875 ut
337 2836 412 2877 eum
435 2815 520 2878 inter
535 2815 659 2902 antiqui
679 2815 820 2879 nominis
839 2830 924 2878 vates
947 2812 1086 2877 celebrat
1104 2811 1253 2874 Clemens

199 2917 370 2984 Alexandr.
387 2921 503 2985 Strom.
519 2921 575 2986 lib.
593 2922 625 3002 l,
641 2945 673 3010 p.
688 2920 761 2986 333.
778 2919 1021 3010 Ampycr's‚vel‚
1040 2933 1077 2981 ut
1090 2917 1159 2998 alii,
1174 2919 1253 2980 Am-

192 3025 279 3108 pyci,
297 3039 331 3087 et
346 3022 501 3088 clerus
517 3025 677 3114 Nymphae
694 3025 795 3103 lilius,
811 3025 964 3116 lapitha,
983 3046 1022 3088 ex
1032 3022 1202 3105 OEchalia‚
1216 3038 1256 3086 ut

199 3127 348 3214 quidam,
363 3131 412 3194 vel
425 3131 617 3213 Titareusis,
635 3147 716 3196 teste
732 3133 872 3222 Hygino.
887 3140 1032 3212 Τιταρήσιυς
1042 3129 1190 3217 Apollou.
1201 3129 1257 3193 lib.

200 3233 293 3318 1,65;
307 3235 439 3322 quidam
449 3238 544 3301 etiam
557 3237 752 3302 ittamniam
764 3237 936 3326 (Lyeoplrr.
946 3261 992 3303 vs.
1004 3238 1063 3303 881
1072 3237 1254 3324 Τιταιρόνιιον)

198 3356 332 3423 vocant,
355 3343 430 3430 quia
458 3357 547 3431 pater
570 3346 705 3433 Ampyci
728 3344 792 3408 fuit
808 3346 960 3427 Titaron,
984 3348 1034 3410 vel
1052 3327 1101 3411 ¹ab
1132 3345 1254 3435 oppido
1345 3429 1355 3438 ,

199 3443 369 3509 Thessaliae
394 3447 563 3530 Titarone,
588 3447 678 3535 quod
702 3471 720 3514 a
744 3448 901 3512 Titaresio
924 3447 1058 3513 llumine
1084 3451 1255 3516 Thessaliae

199 3549 361 3615 diversum
378 3575 447 3616 esse
465 3553 559 3618 docet
575 3554 772 3643 Stephanus,
789 3571 821 3619 et
837 3556 984 3646 meminit
996 3557 1063 3636 ejus
1077 3557 1255 3637 Homerus,

198 3657 287 3723 Iliad.
299 3661 349 3743 ll,
368 3659 443 3748 751,
459 3661 515 3726 uhi
532 3663 632 3726 multa
645 3662 686 3726 de
703 3685 742 3726 eo
756 3661 890 3726 flumine
905 3661 1036 3728 adducit
1052 3665 1254 3746 Eustathius,

200 3767 257 3851 qui
275 3789 349 3830 eum
368 3789 406 3831 ex
423 3769 535 3832 Titano
553 3785 683 3850 monte,
711 3770 768 3856 qui
786 3769 910 3834 vicinus
932 3769 1088 3859 Olympo,
1108 3767 1257 3852 effluere,

201 3887 233 3934 et
245 3873 387 3936 Eurotan
406 3874 502 3938 etiam
519 3872 593 3957 dici,
611 3890 712 3939 notat.
732 3874 793 3939 Hic
804 3897 881 3938 vero
897 3873 1026 3965 Mopsus
1041 3895 1124 3963 saepe
1140 3875 1258 3939 conlu-

199 3999 254 4041 sus
273 4001 346 4042 cum
364 3979 464 4044 altero
480 3981 608 4069 Mopso,
626 3981 756 4044 Tiresiae
772 3980 855 4063 lilio,
869 3981 920 4046 vel
938 3998 1056 4068 nepote
1067 4003 1076 4060 3
1089 3981 1146 4068 qui
1161 3981 1257 4044 etiam

198 4099 283 4148 vates
294 4085 424 4165 Trojani
443 4085 516 4150 belli
537 4103 682 4171 tempore
705 4086 784 4168 luit3
806 4085 881 4150 vide
903 4087 1047 4151 Gronov.
1069 4085 1109 4150 ad
1130 4087 1259 4151 Senecae

200 4187 286 4253 Med.
303 4189 384 4272 6555
402 4189 504 4256 Vales.
519 4191 560 4256 ad
573 4192 735 4256 Ammian.
749 4192 890 4256 Marcell.
907 4191 995 4272 XIV,
1007 4191 1041 4272 8,
1068 4209 1101 4256 et
1119 4191 1257 4258 Berckel.

200 4295 240 4358 ad
262 4297 371 4384 Steph.
396 4298 429 4360 in
450 4307 551 4377 Μόψιον.
574 4299 692 4362 Noster
710 4321 787 4362 vero
808 4298 1000 4386 Ampycides
1023 4299 1100 4364 vatis
1125 4322 1259 4364 munere
