3124 5132
362 493 401 556 aia
667 483 703 552 C.
727 483 923 554 VALERIl
953 491 1126 556 FLACCl

404 625 474 688 lam
492 645 558 687 non
577 643 636 710 per
651 622 752 710 ripas,
767 621 832 701 jam
850 637 917 684 non
935 635 1108 710 percursa
1126 622 1289 686 volantem

403 741 538 828 Stagna,
554 759 615 800 nec
631 737 664 801 in
682 735 790 800 medio
806 751 1012 800 truncantem
1031 753 1192 800 marmore
1210 759 1332 800 cervos.

447 855 588 942 Eurytus
602 853 774 916 Exomatas
789 851 854 940 agit
867 873 1007 938 aequore.
1023 850 1169 916 Nestoris
1181 852 1280 916 hastas

403 968 594 1032 lmmoritur
610 966 782 1054 pri'm'aevus
799 966 892 1030 Helix
910 963 996 1051 (nec
1011 964 1137 1032 reddita
1152 989 1227 1032 caro
1392 989 1432 1038 s,-

403 1083 611 1148 Nutn'menta
625 1077 730 1170 patri)
749 1079 902 1144 brevibus
917 1061 1092 1168 praereptus
1107 1081 1140 1144 in
1157 1082 1261 1145 anuis.

402 1199 444 1260 At
456 1197 612 1285 Latagum
627 1197 794 1281 Zatenquc
807 1193 951 1280 Daraps3
969 1193 1060 1257 illum
1079 1195 1176 1284 exigit
1191 1193 1301 1276 hasta,

402 1311 500 1377 Hunc
515 1311 624 1400 fugat,
640 1309 805 1398 ingentem
820 1307 923 1371 subiti
937 1331 1041 1395 quum
1059 1309 1224 1398 sanguinis
1240 1307 1362 1374 undam

401 1425 512 1508 vidis,
525 1439 558 1488 et
574 1439 719 1489 mtremo
738 1421 879 1486 lucentia
895 1435 1026 1510 pectora
1043 1423 1139 1486 ferro.

444 1541 528 1606 Ecce
541 1554 651 1602 autem
665 1536 767 1600 muris
781 1533 925 1600 residens
938 1532 1053 1600 Medea
1067 1538 1226 1625 paternis,
1390 1557 1432 1607 ⁵7⁵

398 1656 531 1747 Singula
547 1653 626 1718 dum
645 1652 752 1742 magni
767 1651 883 1715 lustrat
897 1653 1073 1734 certamina
1086 1653 1182 1735 belli,

400 1776 506 1859 Atque
523 1771 584 1834 hos
603 1770 672 1858 ipsa
687 1767 803 1858 procul
820 1765 920 1830 densa
935 1767 970 1830 in
987 1767 1121 1857 caligine
1139 1791 1228 1857 reges

401 1885 576 1975 Agnoscit,
595 1883 774 1971 quaeritque
791 1881 870 1946 alios
883 1883 1012 1946 lunone
1029 1883 1195 1972 magistra,

400 1990 565 2080 Conspicit
581 1988 755 2054 AEsonium
770 1989 866 2078 longe
882 2003 998 2076 caput,
1015 2011 1053 2052 ac
1065 1989 1161 2052 simul
1175 2009 1262 2052 acres

402 2109 476 2172 lluc
489 2106 602 2170 oculos
618 2125 798 2190 sensusque
810 2102 909 2166 refert
922 2103 1134 2191 animumque
1145 2105 1322 2186 faventem3
1391 2125 1434 2164 ss·

400 2223 516 2303 Nunc,
530 2241 597 2310 quo
612 2243 646 2284 se
662 2234 806 2307 raperet,
824 2240 927 2302 nunc,
943 2241 1010 2307 quo
1025 2219 1170 2284 diversus
1185 2220 1304 2302 abiret,

386 2393 440 2450 571.
452 2391 561 2437 Breribss
570 2399 664 2452 ereptas.
676 2387 751 2434 Vatis.
761 2385 815 2434 cod.
828 2389 913 2436 Primis
923 2399 1018 2451 crepera.
1035 2391 1125 2436 eonon.
1142 2389 1195 2436 cod.
1212 2391 1303 2436 Bonos.
1323 2391 1334 2434 l
1352 2399 1376 2436 et
1389 2391 1412 2436 ll
1423 2423 1432 2443 .

357 2471 510 2518 susidente
521 2471 586 2517 carr.
600 2495 630 2504 -
647 2469 700 2526 57²·
712 2466 861 2524 Abhsaeuss.
873 2468 945 2514 Vatia.
962 2467 1017 2516 cod.
1033 2477 1057 2516 et
1072 2466 1127 2517 edd.
1148 2479 1202 2516 sate
1217 2469 1281 2515 Cur.
1297 2471 1341 2516 Eo.

391 2617 453 2682 569.
466 2616 570 2676 Eurytrss
586 2611 739 2680 Argonauta
758 2611 872 2658 Exoma-
915 2608 1010 2678 quisite
1016 2627 1066 2680 pro
1076 2612 1184 2677 trajecit,
1193 2609 1351 2675 interfecit),
1362 2614 1432 2661 hane

356 2687 870 2760 tasagitoeqrrsrecampi.lt'estorishasar
915 2687 1011 2755 Zaten,
1025 2689 1111 2758 firgus.
1134 2689 1191 2740 Hoc
1215 2689 1252 2740 ita
1273 2687 1431 2758 intelligesa

355 2771 529 2838 immorimrfi.
539 2788 566 2841 q.
578 2786 673 2840 supra,
686 2771 752 2831 ²114,
763 2767 870 2817 medians
913 2766 979 2820 dum
988 2785 995 2819 :
1004 2767 1145 2832 Zatea,n0n
1156 2779 1307 2839 exspectato
1315 2767 1433 2839 Darapia

355 2852 460 2902 massas
475 2848 642 2899 descenditis
659 2849 775 2912 Amtarn)
794 2847 869 2896 Helix
913 2849 1011 2918 impetu
1019 2885 1027 2910 ‚
1037 2847 1119 2918 fugit,
1132 2865 1216 2918 quum
1230 2846 1321 2918 Latagi
1336 2848 1362 2898 in
1380 2866 1432 2918 pe.

350 2933 498 2997 pirissam,
511 2927 538 2977 in
546 2925 610 2976 flore
616 2924 761 2995 juventutis
771 2924 869 2975 consti·
912 2937 985 2978 ctore
1008 2925 1108 2978 videret
1129 2925 1229 2978 hastam
1257 2927 1433 2998 prominere,

355 3019 449 3069 tutus,
466 3025 513 3056 nec
529 3004 625 3055 reddita
641 3023 702 3053 cara
720 3004 869 3054 rrmrimeata
913 3005 1079 3076 multumque
1092 3023 1152 3058 eum
1166 3006 1302 3077 sanguinis
1315 3005 1433 3078 prolun-

351 3086 421 3152 ματ·
427 3122 434 3145 ,
451 3082 497 3154 qui
509 3083 611 3132 fructus
621 3079 783 3132 educationis
797 3081 870 3134 solli·
913 3085 993 3147 ‹lere‚
1005 3087 1136 3152 sanguinis
1146 3089 1249 3136 andam.

359 3159 497 3215 citastidel
509 3162 604 3231 perire.
951 3161 1011 3234 575.
1023 3165 1173 3234 Antequam
1194 3165 1319 3216 iasonem
1340 3164 1433 3236 ipsum

393 3239 455 3311 57²·
467 3247 517 3300 As,
537 3258 572 3291 ne
592 3253 680 3292 tamen
703 3239 760 3291 sine
780 3239 867 3312 aliqua
912 3243 939 3294 iu
954 3259 1071 3314 pugnam
1090 3239 1239 3312 producat,
1253 3242 1318 3313 quid
1333 3240 1432 3298 Medea

356 3318 432 3372 clade
443 3315 608 3372 discederent
622 3316 732 3378 Colchi,
747 3324 867 3385 Laragrrm
911 3322 1011 3373 interea
1026 3333 1117 3373 secum
1128 3322 1225 3390 egerit,
1242 3331 1345 3376 enarrat
1362 3338 1433 3393 poe-

357 3406 488 3466 laresque
504 3403 603 3466 Daraps
626 3395 785 3468 aggreditur.
809 3397 866 3450 Hoc
911 3411 946 3452 ta.
960 3399 1067 3470 Singula
1087 3399 1152 3452 dum
1173 3400 1381 3471 prelialustrst.
1403 3415 1433 3454 et

357 3497 455 3530 nomen
468 3477 508 3528 vix
526 3493 619 3528 sanum
635 3493 690 3528 ease
709 3475 869 3528 crediderim
913 3478 1010 3550 partim
1022 3479 1077 3548 ipsa
1091 3481 1205 3530 dessein
1217 3482 1338 3546 caligine,
1352 3480 1434 3532 uubi-

357 3575 416 3610 eam
435 3557 471 3608 ob
485 3569 611 3620 causam,
625 3554 698 3626 quod
711 3573 788 3624 supra
799 3595 807 3618 ,
818 3557 867 3616 66,
913 3559 962 3610 lius
983 3555 1065 3608 denso
1086 3556 1193 3627 pulvere
1211 3559 1328 3621 coactis,
1346 3558 1433 3616 duces

357 3637 473 3708 Daraps,
484 3637 519 3688 ob
528 3635 625 3688 vulnus
638 3636 665 3687 in
680 3635 769 3705 praelio
779 3633 870 3686 adver·
914 3632 1045 3706 agnoscit,
1055 3637 1150 3706 partim
1170 3658 1186 3687 a
1201 3643 1297 3688 lancae
1307 3642 1433 3706 magistra

357 3735 401 3768 sus
408 3717 498 3768 Persas
507 3725 655 3785 acceptum,
664 3712 727 3766 huic
736 3713 807 3766 bello
816 3731 869 3766 uon
913 3715 1021 3766 nomina
1032 3713 1140 3766 illorum
1150 3713 1221 3785 cuplt
1236 3709 1358 3782 edoceri,
1370 3737 1435 3769 corr-

356 3795 506 3848 interfnisse
514 3831 521 3856 ‚
529 3792 680 3846 sedDathin
688 3792 783 3845 ducem
792 3810 870 3846 suum
914 3795 984 3860 spicit
997 3797 1124 3844 AEserianr
1139 3807 1214 3862 caput
1223 3834 1230 3858 ,
1240 3795 1364 3846 Jasonem
1375 3815 1433 3866 prae

357 3875 457 3927 misisse
470 3871 575 3926 dicitur.
588 3871 662 3937 Quid
672 3871 693 3924 si
706 3871 784 3942 igitur
798 3871 870 3922 hunc
913 3871 969 3924 aliis
979 3871 1153 3936 eminentem,
1163 3885 1189 3925 et
1199 3872 1327 3944 conspicit
1340 3877 1431 3942 longe,

357 3953 456 4007 Dathin
472 3963 498 4004 et
513 3952 556 4004 hic
571 3949 700 4021 reponas?
712 3952 811 4019 Daraps
824 3949 871 4000 ita·
914 3951 1184 4014 eminus;amoreuim
1195 3951 1380 4014 renunculos,
1390 3964 1434 4005 to·

357 4049 410 4102 que
430 4031 471 4084 vel
495 4030 589 4085 Dathis
613 4032 694 4092 illam,
719 4031 869 4098 Latagum.
914 4043 993 4101 taque
1005 4033 1032 4083 iu
1046 4043 1281 4104 eooccupataest,
1296 4036 1342 4082 Aac
1356 4033 1436 4085 seina!

357 4112 437 4178 exigit
446 4109 696 4180 hasta(supra,IV,
707 4110 769 4176 390,
778 4107 870 4161 similis
914 4131 984 4162 acres
1005 4115 1089 4162 ocules
1111 4131 1246 4180 sensusque
1269 4115 1434 4180 animumque

358 4197 402 4240 cst‘
418 4189 508 4254 locus,
531 4187 576 4241 ubi
590 4200 678 4241 tamen
694 4207 770 4242 casus
789 4204 870 4258 quar·
907 4190 1032 4258 faventem
1044 4192 1125 4260 resera.

358 4280 416 4319 tus:
436 4270 517 4336 exigit
533 4271 635 4336 harpen.
658 4266 806 4340 Utrumque
824 4283 869 4319 exs
952 4269 1011 4322 581.
1020 4273 1093 4322 Nune
1104 4289 1152 4337 qus
1162 4289 1189 4322 se
1198 4283 1310 4339 raperet,
1321 4269 1349 4322 in
1360 4289 1432 4341 quos
