3150 5126
376 528 439 594 352
755 527 1054 594 CATALOGUS

370 651 498 716 stabulo
515 665 548 714 et
565 651 649 714 bello
663 671 738 714 cum
758 651 915 734 Hercule,
933 666 1059 740 utque
1078 650 1119 716 td
1136 653 1348 741 Argonautica
1363 675 1438 718 non

371 757 548 846 pertinent,
565 755 620 820 hic
636 755 793 845 attingere
811 778 877 820 non
896 771 995 822 vacet.

413 991 681 1074 AUTOLYCUS,
701 991 854 1058 Mercurii
871 991 973 1075 lilius,
1001 1009 1098 1058 notus
1124 991 1253 1058 hrmndi
1280 1010 1367 1073 arte,
1390 1014 1438 1057 ex

371 1097 502 1178 Chione,
515 1097 705 1180 reI,utaIii,
715 1119 755 1162 ex
764 1096 931 1162 Pltr'lonr'de
939 1097 1132 1163 Dedahonis
1142 1097 1221 1182 lilia;
1233 1097 1297 1162 rid.
1311 1097 1437 1187 Hygin.

369 1205 432 1270 lab.
450 1227 513 1268 aoo
524 1219 557 1268 et
568 1225 627 1268 ποι
639 1251 648 1286 ,
661 1218 694 1268 et
708 1202 750 1269 de
763 1203 855 1283 cujus
872 1226 990 1293 genere
1004 1204 1077 1270 ride
1091 1203 1302 1270 Mereriacum
1319 1202 1438 1268 adini·

369 1309 451 1380 tium
461 1307 611 1398 Epistolae
624 1307 788 1372 Ovidiane
801 1309 988 1398 Penelopes.
1001 1311 1072 1374 Hoc
1086 1331 1190 1375 unum
1208 1307 1339 1390 adjicio,
1353 1309 1436 1374 Ser-

368 1415 457 1480 vium
466 1413 549 1478 duos
560 1411 730 1499 Autolycus
742 1411 939 1505 distinguere
947 1412 988 1479 ad
1001 1413 1130 1480 AEneid.
1140 1415 1171 1480 II
1181 1463 1191 1497 ,
1202 1435 1261 1502 79:
1272 1415 1435 1502 priorem,

368 1521 463 1586 etiam
478 1521 601 1600 Iuram,
611 1518 762 1583 habuisse
778 1517 861 1583 filios
873 1518 956 1584 duos
966 1567 975 1602 ,
986 1519 1159 1610 Sisyphum
1170 1535 1203 1584 et
1214 1521 1434 1609 Autolycum,

366 1625 505 1714 Sisypho
518 1638 628 1687 natum
645 1621 817 1704 Sinonem,
832 1646 873 1688 ex
885 1625 1045 1713 Autolyco
1059 1623 1203 1690 mcundo
1218 1625 1371 1712 Ulyxem3
1385 1623 1433 1688 ita

367 1747 405 1794 ut
414 1728 547 1793 Anticlia
557 1776 568 1811 ,
579 1749 677 1815 quam
692 1727 837 1816 corrupit
848 1727 1024 1817 Sisyphus,
1036 1729 1135 1794 luerit
1149 1729 1254 1794 fratris
1270 1727 1343 1793 filia.
1357 1730 1432 1793 Ille·

369 1849 473 1898 morat
490 1832 585 1897 etiam
608 1831 724 1898 Strabo
748 1831 940 1918 Autolycum
960 1835 1065 1898 frtrem
1082 1850 1115 1898 et
1132 1835 1289 1922 parietum
1306 1835 1433 1922 perfos-

366 1961 471 2003 sorem
481 1986 490 2020 ,
500 1939 556 2025 qui
570 1937 603 2000 in
617 1937 756 2001 Parnaso
771 1937 940 2014 habitavit,
953 1938 1009 2004 lib.
1020 1939 1088 2020 IX,
1102 1962 1134 2029 p.
1149 1939 1230 2026 439,
1244 1963 1284 2004 ex
1296 1940 1430 2004 Homer.

367 2044 404 2108 II.
422 2044 469 2120 x,
488 2041 562 2106 226.
580 2045 609 2107 A
625 2041 695 2106 solo
711 2029 912 2130 Apollodoro
934 2059 1132 2108 memoratur
1151 2045 1205 2108 hic
1222 2044 1307 2109 inter
1323 2047 1432 2134 Argo-

367 2167 489 2214 nautas.
510 2147 645 2212 Videtur
666 2163 774 2212 autem
793 2149 973 2236 antiquior3
994 2173 1067 2214 nam
1087 2135 1154 2232 ejus
1178 2150 1241 2216 lilia
1258 2149 1393 2214 Anticlia
1410 2173 1430 2212 a

366 2256 505 2343 Sisypho
527 2253 613 2318 AEoli
633 2251 698 2318 lilio
720 2255 786 2334 jam
810 2276 992 2344 compressa
1008 2255 1137 2336 dicitur,
1155 2272 1187 2320 et
1207 2255 1334 2346 gravida
1355 2253 1430 2319 data

368 2361 506 2436 hortae,
527 2357 584 2447 qui
610 2359 706 2422 etiam
731 2359 816 2422 inter
840 2361 1040 2447 Argonautas
1065 2365 1272 2444 riumeratur3
1292 2359 1367 2425 vide
1386 2359 1431 2426 de

365 2464 519 2551 Autolyco
532 2464 711 2528 hocTzeta.
729 2462 863 2528 Chiliad.
878 2465 972 2547 VIII,
987 2489 1069 2546 aon,
1089 2491 1121 2555 p.
1138 2471 1209 2554 149.
1223 2467 1340 2530 Praeter
1356 2489 1393 2530 ea
1410 2490 1430 2530 a

365 2569 557 2662 quibusdam
574 2568 754 2651 Alcimede,
767 2586 870 2634 mater
885 2571 1027 2653 Iasonis,
1044 2572 1107 2637 filia
1125 2572 1272 2660 Autolyci
1285 2571 1431 2637 creditur

364 2679 480 2760 fuisse,
497 2674 611 2764 dequa
621 2675 780 2740 inlesone
791 2697 940 2764 agemus;
955 2677 1150 2743 necvidetnr
1165 2701 1244 2742 avus
1255 2677 1317 2742 sub
1325 2675 1430 2742 ductu

365 2784 491 2871 nepotis
512 2782 562 2846 sui
584 2781 752 2846 militasse:
769 2802 869 2869 quare
885 2779 982 2846 credo
1000 2782 1232 2871 Apollodorum
1247 2783 1337 2848 hunc
1354 2785 1429 2848 Au·

365 2889 500 2975 tolycum
517 2887 710 2953 nobiliorem
728 2885 914 2951 conhrdisse
935 2909 1009 2952 cunr
1031 2889 1139 2953 minus
1155 2905 1235 2952 noto
1252 2887 1428 2974 Autolyco,

363 2996 420 3083 qui
447 3015 482 3058 se
515 2991 706 3080 Argonautis
732 2991 815 3055 circa
841 2991 983 3080 Sinopen
1013 2991 1127 3056 urbem
1160 2991 1324 3074 adjunxit,
1350 3015 1429 3058 cum

366 3097 499 3186 Plthglo
514 3111 546 3160 et
561 3095 718 3173 Der‘lonte,
736 3111 774 3158 ut
789 3111 920 3159 narrant
935 3097 1148 3183 Apollonius,
1162 3097 1219 3162 lib.
1233 3097 1283 3179 Il,
1299 3097 1379 3186 957,
1395 3115 1429 3162 et

363 3205 430 3270 vai.
453 3204 500 3270 ri.
523 3202 562 3285 v,
589 3201 668 3282 1153
691 3201 751 3264 nos
775 3201 965 3288 lpouonus
987 3181 1064 3267 fatu
1090 3201 1171 3268 auos
1197 3205 1378 3284 oemunt,
1394 3221 1428 3269 et

362 3309 461 3374 luisse
475 3307 608 3372 comites
625 3305 771 3368 Herculis
780 3321 891 3370 contra
902 3307 1096 3390 Amazonas,
1109 3322 1141 3372 et
1154 3306 1272 3372 deinde
1287 3330 1426 3391 errasse,

361 3433 394 3480 et
405 3415 487 3479 circa
498 3413 640 3499 Sinopen
652 3409 821 3473 habitasse.
840 3409 981 3493 Quidam
994 3411 1089 3476 etiam
1101 3411 1295 3499 Autolycum
1309 3429 1427 3502 putant

362 3519 563 3585 conditorem
573 3518 720 3604 Sinopes,
731 3530 763 3579 et
773 3515 840 3594 ejus
852 3531 989 3581 statuam
1000 3518 1118 3608 egregii
1128 3520 1252 3608 operis,
1265 3519 1427 3585 aSteuide

362 3627 491 3704 factam,
509 3623 553 3688 ibi
573 3615 670 3686 luisse
692 3621 848 3708 positam.
868 3643 941 3708 quae
962 3640 1141 3711 expugnata
1158 3626 1238 3690 urbe
1253 3647 1271 3688 a
1289 3625 1426 3689 Lucullo

356 3732 424 3798 'luit
447 3731 570 3810 ablata3
597 3725 661 3792 vid.
684 3725 834 3790 Strabon.
852 3726 932 3808 XII,
950 3751 1020 3818 pag.
1049 3727 1123 3817 337,
1149 3729 1206 3818 qui
1226 3728 1317 3795 addit
1335 3731 1426 3795 huuc

361 3837 551 3922 Autolycum
563 3855 667 3896 unum
678 3831 777 3896 luisse
787 3854 826 3894 ert
835 3831 895 3895 illis
905 3879 914 3914 ,
925 3833 988 3918 ·qui
997 3855 1072 3896 cum
1088 3836 1204 3898 Iasone
1222 3836 1437 3925 navigarunt..

361 3945 509 4034 Hyginus
520 3961 597 4005 vero
610 3959 685 4002 eum
703 3953 736 4000 et
756 3953 820 4000 tres
837 3935 904 4015 ejus
921 3941 1055 4002 comites
1070 3939 1170 4003 fuisse
1185 3938 1268 4005 lilios
1283 3941 1423 4026 Phryxi,

361 4072 444 4138 quos
461 4047 523 4112 alio
541 4043 673 4109 nomine
685 4039 800 4104 diversi
814 4041 984 4129 scriptores
1000 4044 1158 4133 appellare
1173 4063 1424 4112 consueverunt.

404 4250 578 4315 AZORUS.
592 4241 785 4330 Hesychius,
800 4249 909 4328 Iterat,
925 4256 1038 4326 salzpurc<
1052 4253 1126 4320 cluat,
1141 4259 1181 4310 mi
1195 4261 1207 4310 ὅ
1221 4257 1366 4330 κυίιρνήτις
1379 4265 1424 4322 τῆς
