3188 5130
345 485 385 546 rio
647 477 683 537 C.
710 471 907 536 VALEllll
939 471 1113 534 FLAGCI

385 615 474 678 Neve
489 609 588 676 deum
602 605 681 670 mihi
696 603 796 691 linge,
811 601 892 666 deus
903 623 1035 688 quoque
1047 621 1181 664 consere
1196 598 1340 664 dextram
1352 629 1374 662 r.

387 730 439 794 Sic
455 729 517 806 ait,
533 727 723 808 intentaque
740 719 887 798 adjutum
905 705 1025 783 missile
1041 717 1148 804 plenta

387 843 521 934 Dirigit,
538 856 571 902 et
585 837 680 925 lupsis
696 847 872 922 patuerunt
886 833 1020 896 vulnera
1035 831 1127 896 villis.

432 959 501 1022 Nec
516 956 625 1020 minus
639 950 738 1016 AEolii
754 949 860 1034 proles
875 947 981 1010 AEetia
995 945 1115 1034 Phryxi

389 1079 504 1140 Fertur
521 1086 553 1136 et
568 1069 636 1156 ipso
652 1067 781 1143 furens,
797 1083 834 1125 ac
848 1083 882 1125 se
896 1059 1079 1124 mododaeta
1096 1057 1211 1145 Cytaeis

389 1184 603 1278 Agminibus,
621 1177 720 1244 modo
736 1175 880 1264 cognatis
896 1188 1038 1238 ostentat
1050 1171 1187 1237 Achivis.

389 1308 497 1389 Atque
515 1300 576 1361 hos
592 1297 626 1360 in
644 1292 752 1358 medio
770 1291 844 1356 duri
862 1288 1046 1355 discrimine
1062 1286 1153 1368 belli,

389 1415 553 1484 Laudibus
570 1413 669 1498 inque
689 1410 765 1496 ipsis
783 1404 927 1496 gaudens
945 1404 1003 1468 ubi
1020 1403 1228 1468 viditloson:

390 1565 401 1588 «ι
411 1531 535 1610 Macte,
551 1528 611 1607 ait,
626 1547 646 1588 o
664 1537 812 1586 nostrum
828 1541 947 1607 genus,
965 1519 1076 1597 etjam
1094 1534 1179 1582 certa
1192 1537 1337 1606 propago

391 1644 523 1723 AEoliae,
540 1662 601 1703 nec
618 1638 736 1724 opina,
753 1633 889 1712 domus,
905 1648 953 1696 sat
970 1653 1084 1720 magna
1096 1631 1249 1696 laborum

391 1763 485 1824 Dona
502 1755 592 1834 fero,
607 1751 681 1818 satis
698 1749 760 1812 hoe
775 1748 845 1812 risu
862 1767 1076 1838 quoecumque
1093 1741 1269 1832 rependo».

435 1872 542 1950 Dixit,
562 1869 642 1934 etin
660 1868 780 1932 Sueten
798 1864 973 1950 magnique
990 1863 1023 1926 in
1041 1863 1104 1924 litte
1120 1859 1267 1924 Cemmni

392 1989 551 2068 Emicuit,
569 1985 785 2072 clypeumque
801 1996 931 2060 rotans,
947 1979 1035 2042 hunc
1051 1977 1174 2066 poplite
1191 1995 1272 2040 cesso

393 2104 530 2185 Dejicit,
548 2102 639 2189 illupr
656 2097 758 2185 aperit
776 2089 841 2160 lato
854 2117 911 2184 per
929 2109 1040 2181 peetus
1055 2092 1148 2156 hiatu

381 2307 434 2369 5³9.
445 2301 618 2352 Dexenvnic.
627 2309 651 2344 et
666 2301 745 2343 Burin.
755 2295 825 2342 codd.
835 2296 899 2340 lunt.
912 2294 964 2341 Ald,
981 2320 1011 2330 ·-
1027 2295 1081 2348 541.
1098 2296 1129 2340 Et
1146 2295 1224 2355 lapsis.
1234 2293 1309 2340 vnio.
1329 2295 1419 2338 Bonan.

342 2399 373 2434 rt
383 2389 448 2434 Cart.
458 2383 528 2430 codd.
540 2383 630 2428 Bonon.
641 2381 650 2424 l
661 2388 685 2424 et
697 2377 728 2423 ll.
739 2379 804 2422 llnue
816 2374 966 2434 lecticulam
982 2372 1138 2420 vindicarent
1156 2373 1224 2426 Pius,
1241 2373 1343 2434 probent
1353 2373 1420 2418 Voss.

351 2477 375 2513 et
385 2463 464 2512 lleins.
475 2470 499 2506 ct
510 2458 616 2520 reposuit
625 2459 655 2504 rl.
663 2456 751 2504 llarles.
763 2456 807 2500 En.

291 2649 295 2658 ·
390 2634 450 2694 540.
464 2629 533 2681 Τιιω
546 2622 825 2686 verointentaplame,
839 2619 866 2670 in
912 2621 993 2686 etjam
1003 2633 1081 2678 cena,
1094 2639 1141 2670 nee
1152 2620 1309 2685 opina,nou
1318 2625 1421 2668 tentum

356 2713 451 2784 digitos
468 2705 566 2780 pedum
584 2699 734 2775 paullulum
745 2707 866 2758 erectus,
910 2696 1022 2758 credita,
1036 2697 1148 2771 rodjam
1168 2693 1319 2768 explorate,
1333 2696 1422 2746 AEolr'oe

353 2796 464 2862 adjutum
472 2789 574 2844 missile,
586 2777 867 2852 hastaemtjoremvim
911 2781 996 2830 domm
1005 2797 1135 2846 propago,
1150 2777 1268 2848 gratulor
1276 2787 1304 2828 et
1312 2775 1387 2828 vobis
1396 2785 1422 2826 et

354 2873 489 2941 roburque
510 2867 594 2936 majus
613 2859 734 2924 addidit,
752 2873 776 2910 et
791 2859 866 2925 lapsis
912 2855 996 2922 mihi,
1008 2869 1061 2909 tarn
1072 2858 1152 2910 fortes
1166 2854 1275 2909 habenti
1290 2866 1420 2926 eognmos.

355 2955 435 3011 uillis,
447 2937 864 3020 quihusseinrolverotpellibus,
948 2935 1007 2998 548.
1026 2941 1070 2988 Sat
1089 2955 1184 3006 magna
1208 2937 1316 2987 laborum
1335 2937 1419 2992 dona,

354 3039 486 3100 punierunt
495 3041 591 3094 magno
602 3058 609 3084 ,
622 3021 687 3081 leta,
698 3021 814 3070 vulnero.
912 3016 1020 3087 pronun
1031 3057 1039 3082 ,
1045 3016 1120 3084 sero,
1139 3019 1198 3067 sou's
1216 3019 1262 3067 hee
1278 3018 1334 3066 vien
1353 3033 1421 3081 qooe·

393 3109 452 3176 542..
461 3104 517 3156 Nee
533 3101 622 3153 minus
640 3097 743 3151 fortiter
754 3115 796 3148 res
809 3113 869 3148 suot
913 3115 1014 3163 eumque
1023 3099 1144 3163 rependo,
1154 3113 1213 3166 qun.
1227 3092 1325 3166 pertuli
1335 3091 1421 3157 muln,

358 3189 411 3260 egit
425 3185 517 3248 Phryxi
535 3183 617 3232 AEetia
631 3181 727 3247 proles,
742 3193 825 3246 nepos
839 3193 870 3226 ex
914 3173 991 3226 facile
999 3173 1051 3226 hoc
1062 3173 1107 3226 tali
1119 3173 1217 3244 gaudio
1225 3182 1377 3244 pensantur.

358 3268 413 3320 lilio
424 3259 694 3332 Chalciope,Argus,
708 3254 869 3330 vidtupre,
951 3253 1011 3306 550.
1031 3253 1078 3305 llis
1095 3251 1172 3306 dictis
1191 3256 1279 3304 emieat
1297 3256 1379 3320 Argus
1397 3253 1423 3301 r'n

359 3349 396 3412 V‘,
411 3345 479 3409 4613
493 3361 524 3392 ae
545 3360 572 3390 se
589 3341 755 3396 moduletur,
771 3335 870 3406 dequo
914 3337 997 3382 Sueten
1006 3332 1147 3400 (Schrader
1156 3332 1184 3383 iu
1198 3327 1349 3384 Obserirutt.
1363 3347 1424 3402 pag.

359 3421 644 3492 letarentuthrtaeis,
659 3413 784 3479 Colchis,
798 3415 870 3465 modo
914 3428 965 3479 79,
984 3411 1084 3463 mavult
1101 3415 1219 3472 Seretion,
1235 3407 1307 3482 quod
1327 3427 1424 3461 nornen

361 3505 472 3560 Achivis,
485 3496 657 3571 Argonautis,
671 3507 782 3545 ostentae.
914 3488 1072 3562 quibusdam
1085 3491 1205 3544 Thracio
1221 3487 1328 3560 regibus
1346 3488 1425 3541 luisse

398 3583 458 3646 545.
472 3585 554 3647 Atque
570 3581 614 3629 lios
625 3579 692 3646 (eur
709 3573 777 3636 hoc,
787 3591 870 3646 quunr
914 3581 1024 3622 constat.
1037 3569 1101 3624 Vid.
1115 3575 1185 3636 Cory,
1197 3571 1257 3620 Hirr.
1268 3572 1312 3618 der
1326 3569 1381 3618 nois
1394 3572 1427 3618 de

360 3665 394 3718 de
406 3681 460 3716 nno
473 3659 506 3714 sit
516 3655 621 3710 senno?
632 3650 682 3710 Sed
695 3652 835 3724 respicitur
845 3664 870 3705 et
918 3651 1024 3711 Tlmce,
1035 3653 1119 3711 Paris,
1134 3647 1285 3720 1752,1v;
1294 3665 1322 3718 p.
1336 3645 1368 3708 8,
1382 3664 1426 3710 10,

361 3743 394 3798 od
409 3742 520 3795 alterum
534 3733 634 3807 Phryxi
647 3731 748 3795 filium,
761 3731 869 3796 lllelu'n,
916 3745 960 3796 27,
975 3731 1040 3798 47),
1055 3731 1189 3798 magnique
1198 3728 1301 3796 insuta,
1311 3723 1345 3776 ed
1359 3744 1428 3777 rnor-

361 3823 467 3896 quijnm
478 3828 553 3871 antea
561 3832 614 3866 non
624 3813 679 3865 sine
689 3808 872 3880 lnudepugno·
915 3818 967 3858 tern
979 3807 1145 3860 inserendam
1156 3846 1164 3872 ,
1175 3809 1289 3860 Ceramni
1293 3827 1302 3866 ,·
1312 3809 1378 3856 hunc
1382 3825 1428 3874 po-

361 3914 450 3962 veret;
465 3891 714 3965 vid.supro,196)‚
729 3901 872 3960 utrumque
912 3889 971 3952 ph're
988 3907 1066 3950 creso,
1087 3887 1204 3948 sucdso,
1221 3888 1315 3956 dejicit,
1335 3885 1428 3937 sternit

362 3981 456 4054 igitur,
467 3979 582 4047 gaudens
595 3975 664 4023 videt
674 3977 751 4020 Iason
762 3970 873 4018 laudibus
916 3965 948 4016 od
960 3977 1067 4020 terram.
1081 3968 1134 4020 Nec
1145 3966 1186 4018 hit
1196 3974 1335 4018 contentus
1344 3969 1427 4032 Argus

362 4065 387 4112 irt
406 4062 479 4126 ipsis,
496 4055 523 4106 ln
538 4053 597 4124 ipso
615 4061 676 4103 aclu
688 4063 793 4110 rerum,
806 4065 873 4118 quas
916 4061 1053 4112 terrenoque,
1069 4061 1093 4096 et
1108 4051 1229 4096 Zaeorrtm
1243 4047 1429 4095 arelatenses

361 4147 468 4211 agerent
476 4133 612 4206 praeclere.
915 4129 983 4192 equis
992 4127 1088 4194 ingenti
1097 4143 1155 4177 arro
1161 4123 1266 4192 porrigit
1275 4117 1411 4192 (τανυσθεὶς
1420 4157 1429 4180 ,

399 4219 456 4287 547.
468 4219 561 4278 hlncte,
574 4215 624 4272 nit,
637 4232 651 4260 o
662 4223 766 4260 nostrum
777 4227 869 4274 genus,
917 4203 1023 4256 Homer.
1037 4204 1068 4256 ll.
1080 4203 1158 4268 XVI,
1174 4203 1240 4266 485;
1256 4199 1363 4258 itreiei‘nr
1377 4205 1429 4256 teti·
