<?xml version="1.0" encoding="UTF-8"?>
<!DOCTYPE html PUBLIC "-//W3C//DTD XHTML 1.0 Transitional//EN"
    "http://www.w3.org/TR/xhtml1/DTD/xhtml1-transitional.dtd">
<html xmlns="http://www.w3.org/1999/xhtml" xml:lang="en" lang="en">
 <head>
  <title>
</title>
<meta http-equiv="Content-Type" content="text/html;charset=utf-8" />
  <meta name='ocr-system' content='tesseract 3.04.00' />
  <meta name='ocr-capabilities' content='ocr_page ocr_carea ocr_par ocr_line ocrx_word'/>
</head>
<body>
  <div class='ocr_page' id='page_1' title='image "./cvaleriiflaccis01apolgoog_0335.png"; bbox 0 0 3150 5126; ppageno 0'>
   <div class='ocr_carea' id='block_1_1' title="bbox 382 511 1065 594">
    <p class='ocr_par' dir='ltr' id='par_1_1' title="bbox 382 511 1065 594">
     <span class='ocr_line' id='line_1_1' title="bbox 382 511 1065 594; baseline -0.006 -13"><span class='ocrx_word' id='word_1_1' title='bbox 382 517 444 594; x_wconf 67' lang='lat'><strong>334</strong></span> <span class='ocrx_word' id='word_1_2' title='bbox 767 511 1065 578; x_wconf 79' lang='lat' dir='ltr'><strong>CATALOGUS</strong></span> 
     </span>
    </p>
   </div>
   <div class='ocr_carea' id='block_1_2' title="bbox 380 629 1436 1228">
    <p class='ocr_par' dir='ltr' id='par_1_2' title="bbox 380 629 1436 1228">
     <span class='ocr_line' id='line_1_2' title="bbox 381 629 1436 719; baseline -0.002 -17"><span class='ocrx_word' id='word_1_3' title='bbox 381 637 465 702; x_wconf 76' lang='lat' dir='ltr'><strong>Nam</strong></span> <span class='ocrx_word' id='word_1_4' title='bbox 482 636 640 719; x_wconf 63' lang='lat' dir='ltr'><strong>namon</strong></span> <span class='ocrx_word' id='word_1_5' title='bbox 659 631 782 698; x_wconf 74' lang='lat' dir='ltr'><strong>erutlri</strong></span> <span class='ocrx_word' id='word_1_6' title='bbox 799 629 896 714; x_wconf 85' lang='lat' dir='ltr'><strong>filius,</strong></span> <span class='ocrx_word' id='word_1_7' title='bbox 915 631 968 700; x_wconf 82' lang='lat' dir='ltr'><strong>ille</strong></span> <span class='ocrx_word' id='word_1_8' title='bbox 989 654 1066 701; x_wconf 81' lang='lat' dir='ltr'><strong>roro</strong></span> <span class='ocrx_word' id='word_1_9' title='bbox 1084 633 1227 714; x_wconf 80' lang='lat' dir='ltr'><strong>Actoris,</strong></span> <span class='ocrx_word' id='word_1_10' title='bbox 1247 635 1344 698; x_wconf 76' lang='lat' dir='ltr'><strong>inter</strong></span> <span class='ocrx_word' id='word_1_11' title='bbox 1369 635 1436 700; x_wconf 78' lang='lat' dir='ltr'><strong>Mo·</strong></span> 
     </span>
     <span class='ocr_line' id='line_1_3' title="bbox 381 737 1432 827; baseline 0.002 -21"><span class='ocrx_word' id='word_1_12' title='bbox 381 743 495 826; x_wconf 65' lang='lat' dir='ltr'><strong>nuntii,</strong></span> <span class='ocrx_word' id='word_1_13' title='bbox 511 739 576 806; x_wconf 83' lang='lat' dir='ltr'><strong>rid.</strong></span> <span class='ocrx_word' id='word_1_14' title='bbox 603 738 711 807; x_wconf 74' lang='lat' dir='ltr'><strong>sthol</strong></span> <span class='ocrx_word' id='word_1_15' title='bbox 737 737 889 827; x_wconf 91' lang='lat' dir='ltr'><strong>Apollon.</strong></span> <span class='ocrx_word' id='word_1_16' title='bbox 909 740 940 819; x_wconf 92' lang='lat' dir='ltr'><strong>l,</strong></span> <span class='ocrx_word' id='word_1_17' title='bbox 968 761 1028 826; x_wconf 75' lang='lat'><strong>72,</strong></span> <span class='ocrx_word' id='word_1_18' title='bbox 1045 753 1078 803; x_wconf 80' lang='lat' dir='ltr'><strong>et</strong></span> <span class='ocrx_word' id='word_1_19' title='bbox 1091 739 1176 804; x_wconf 82' lang='lat' dir='ltr'><strong>inlm</strong></span> <span class='ocrx_word' id='word_1_20' title='bbox 1200 741 1235 804; x_wconf 91' lang='lat' dir='ltr'><strong>in</strong></span> <span class='ocrx_word' id='word_1_21' title='bbox 1252 741 1432 826; x_wconf 67' lang='lat' dir='ltr'><strong>Eurynome.</strong></span> 
     </span>
     <span class='ocr_line' id='line_1_4' title="bbox 380 843 1434 934; baseline -0.001 -19"><span class='ocrx_word' id='word_1_22' title='bbox 380 845 829 934; x_wconf 74' lang='lat' dir='ltr'><strong>Gmoosveropooonymim</strong></span> <span class='ocrx_word' id='word_1_23' title='bbox 842 843 1145 910; x_wconf 73' lang='lat' dir='ltr'><strong>iuflsooerenotum</strong></span> <span class='ocrx_word' id='word_1_24' title='bbox 1154 861 1217 928; x_wconf 77' lang='lat' dir='ltr'><strong>est3</strong></span> <span class='ocrx_word' id='word_1_25' title='bbox 1230 847 1318 911; x_wconf 77' lang='lat' dir='ltr'><strong>etim</strong></span> <span class='ocrx_word' id='word_1_26' title='bbox 1327 848 1434 914; x_wconf 71' lang='lat' dir='ltr'><strong>Tm</strong></span> 
     </span>
     <span class='ocr_line' id='line_1_5' title="bbox 380 949 1434 1040; baseline -0.006 -18"><span class='ocrx_word' id='word_1_27' title='bbox 380 951 559 1032; x_wconf 77' lang='lat' dir='ltr'><strong>Chilisd.V,</strong></span> <span class='ocrx_word' id='word_1_28' title='bbox 577 975 610 1040; x_wconf 90' lang='lat' dir='ltr'><strong>p.</strong></span> <span class='ocrx_word' id='word_1_29' title='bbox 623 971 677 1036; x_wconf 82' lang='lat'><strong>79,</strong></span> <span class='ocrx_word' id='word_1_30' title='bbox 692 951 840 1016; x_wconf 67' lang='lat' dir='ltr'><strong>emtum</strong></span> <span class='ocrx_word' id='word_1_31' title='bbox 855 965 888 1013; x_wconf 83' lang='lat' dir='ltr'><strong>et</strong></span> <span class='ocrx_word' id='word_1_32' title='bbox 900 949 1071 1038; x_wconf 77' lang='lat' dir='ltr'><strong>Eurytum,</strong></span> <span class='ocrx_word' id='word_1_33' title='bbox 1080 951 1207 1016; x_wconf 83' lang='lat' dir='ltr'><strong>Actoris</strong></span> <span class='ocrx_word' id='word_1_34' title='bbox 1220 949 1320 1033; x_wconf 87' lang='lat' dir='ltr'><strong>filios,</strong></span> <span class='ocrx_word' id='word_1_35' title='bbox 1337 966 1434 1017; x_wconf 74' lang='lat' dir='ltr'><strong>vomt</strong></span> 
     </span>
     <span class='ocr_line' id='line_1_6' title="bbox 381 1053 1431 1142; baseline 0.003 -21"><span class='ocrx_word' id='word_1_36' title='bbox 381 1059 551 1138; x_wconf 58' lang='lat' dir='ltr'><strong>Assoi-vae,</strong></span> <span class='ocrx_word' id='word_1_37' title='bbox 566 1069 600 1120; x_wconf 86' lang='lat' dir='ltr'><strong>et</strong></span> <span class='ocrx_word' id='word_1_38' title='bbox 610 1056 771 1120; x_wconf 81' lang='lat' dir='ltr'><strong>Homerus</strong></span> <span class='ocrx_word' id='word_1_39' title='bbox 783 1053 943 1142; x_wconf 75' lang='lat' dir='ltr'><strong>Eurytum</strong></span> <span class='ocrx_word' id='word_1_40' title='bbox 953 1057 1150 1120; x_wconf 73' lang='lat' dir='ltr'><strong>Accon&#39;onan</strong></span> <span class='ocrx_word' id='word_1_41' title='bbox 1163 1072 1272 1137; x_wconf 68' lang='grc' dir='ltr'><em>νοω,</em></span> <span class='ocrx_word' id='word_1_42' title='bbox 1286 1056 1380 1122; x_wconf 74' lang='lat' dir='ltr'><strong>Iliad.</strong></span> <span class='ocrx_word' id='word_1_43' title='bbox 1390 1059 1431 1139; x_wconf 85' lang='lat'><strong>11,</strong></span> 
     </span>
     <span class='ocr_line' id='line_1_7' title="bbox 380 1162 520 1228; baseline 0 -2"><span class='ocrx_word' id='word_1_44' title='bbox 380 1183 427 1228; x_wconf 84' lang='lat' dir='ltr'><strong>vs.</strong></span> <span class='ocrx_word' id='word_1_45' title='bbox 444 1162 520 1226; x_wconf 80' lang='lat'>621.</span> 
     </span>
    </p>
   </div>
   <div class='ocr_carea' id='block_1_3' title="bbox 380 1356 1436 1558">
    <p class='ocr_par' dir='ltr' id='par_1_3' title="bbox 380 1356 1436 1558">
     <span class='ocr_line' id='line_1_8' title="bbox 424 1356 1436 1449; baseline -0.002 -23"><span class='ocrx_word' id='word_1_46' title='bbox 424 1358 640 1440; x_wconf 84' lang='lat' dir='ltr'><strong>ADMETUS,</strong></span> <span class='ocrx_word' id='word_1_47' title='bbox 656 1373 851 1422; x_wconf 78' lang='lat' dir='ltr'><strong>memoratus</strong></span> <span class='ocrx_word' id='word_1_48' title='bbox 867 1356 1194 1444; x_wconf 75' lang='lat' dir='ltr'><strong>Apollonio,Volerio</strong></span> <span class='ocrx_word' id='word_1_49' title='bbox 1212 1359 1345 1441; x_wconf 79' lang='lat' dir='ltr'><strong>icoo,</strong></span> <span class='ocrx_word' id='word_1_50' title='bbox 1369 1362 1436 1449; x_wconf 86' lang='lat' dir='ltr'><strong>lly-</strong></span> 
     </span>
     <span class='ocr_line' id='line_1_9' title="bbox 380 1461 1434 1558; baseline -0.001 -27"><span class='ocrx_word' id='word_1_51' title='bbox 380 1468 477 1558; x_wconf 81' lang='lat' dir='ltr'><strong>gino,</strong></span> <span class='ocrx_word' id='word_1_52' title='bbox 496 1461 715 1552; x_wconf 80' lang='lat' dir='ltr'><strong>Apollodoro,</strong></span> <span class='ocrx_word' id='word_1_53' title='bbox 740 1461 890 1550; x_wconf 86' lang='lat' dir='ltr'><strong>Orpheo,</strong></span> <span class='ocrx_word' id='word_1_54' title='bbox 907 1477 940 1525; x_wconf 86' lang='lat' dir='ltr'><strong>et</strong></span> <span class='ocrx_word' id='word_1_55' title='bbox 954 1461 1077 1545; x_wconf 75' lang='lat' dir='ltr'><strong>Statio,</strong></span> <span class='ocrx_word' id='word_1_56' title='bbox 1095 1463 1200 1530; x_wconf 75' lang='lat' dir='ltr'><strong>Theb.</strong></span> <span class='ocrx_word' id='word_1_57' title='bbox 1210 1463 1249 1545; x_wconf 93' lang='lat' dir='ltr'><strong>V,</strong></span> <span class='ocrx_word' id='word_1_58' title='bbox 1271 1463 1346 1542; x_wconf 70' lang='lat'><strong>435.</strong></span> <span class='ocrx_word' id='word_1_59' title='bbox 1367 1467 1434 1530; x_wconf 81' lang='lat' dir='ltr'><strong>Rex</strong></span> 
     </span>
    </p>
   </div>
   <div class='ocr_carea' id='block_1_4' title="bbox 379 1565 1436 3138">
    <p class='ocr_par' dir='ltr' id='par_1_4' title="bbox 379 1565 1436 3138">
     <span class='ocr_line' id='line_1_10' title="bbox 380 1565 1434 1659; baseline -0.003 -22"><span class='ocrx_word' id='word_1_60' title='bbox 380 1572 558 1638; x_wconf 78' lang='lat' dir='ltr'><strong>Pherurum</strong></span> <span class='ocrx_word' id='word_1_61' title='bbox 580 1566 782 1648; x_wconf 81' lang='lat' dir='ltr'><strong>notissimus,</strong></span> <span class='ocrx_word' id='word_1_62' title='bbox 807 1581 840 1632; x_wconf 86' lang='lat' dir='ltr'><strong>et</strong></span> <span class='ocrx_word' id='word_1_63' title='bbox 862 1565 918 1653; x_wconf 90' lang='lat' dir='ltr'><strong>qui</strong></span> <span class='ocrx_word' id='word_1_64' title='bbox 934 1566 1042 1632; x_wconf 77' lang='lat' dir='ltr'><strong>losoni</strong></span> <span class='ocrx_word' id='word_1_65' title='bbox 1059 1567 1253 1648; x_wconf 80' lang='lat' dir='ltr'><strong>conjunctus</strong></span> <span class='ocrx_word' id='word_1_66' title='bbox 1270 1569 1434 1659; x_wconf 73' lang='lat' dir='ltr'><strong>sanguinis</strong></span> 
     </span>
     <span class='ocr_line' id='line_1_11' title="bbox 380 1669 1434 1768; baseline -0.005 -25"><span class='ocrx_word' id='word_1_67' title='bbox 380 1676 511 1743; x_wconf 85' lang='lat' dir='ltr'><strong>vinculo</strong></span> <span class='ocrx_word' id='word_1_68' title='bbox 527 1697 567 1738; x_wconf 84' lang='lat' dir='ltr'><strong>ex</strong></span> <span class='ocrx_word' id='word_1_69' title='bbox 582 1669 761 1738; x_wconf 86' lang='lat' dir='ltr'><strong>Cretheidis</strong></span> <span class='ocrx_word' id='word_1_70' title='bbox 778 1686 870 1735; x_wconf 81' lang='lat' dir='ltr'><strong>erat:</strong></span> <span class='ocrx_word' id='word_1_71' title='bbox 890 1669 976 1736; x_wconf 87' lang='lat' dir='ltr'><strong>lilius</strong></span> <span class='ocrx_word' id='word_1_72' title='bbox 993 1673 1079 1736; x_wconf 86' lang='lat' dir='ltr'><strong>enim</strong></span> <span class='ocrx_word' id='word_1_73' title='bbox 1095 1672 1257 1755; x_wconf 73' lang='lat' dir='ltr'><strong>tholis,</strong></span> <span class='ocrx_word' id='word_1_74' title='bbox 1281 1689 1314 1738; x_wconf 84' lang='lat' dir='ltr'><strong>et</strong></span> <span class='ocrx_word' id='word_1_75' title='bbox 1334 1697 1434 1768; x_wconf 84' lang='lat' dir='ltr'><strong>nepos</strong></span> 
     </span>
     <span class='ocr_line' id='line_1_12' title="bbox 380 1765 1435 1864; baseline -0.006 -16"><span class='ocrx_word' id='word_1_76' title='bbox 380 1779 524 1860; x_wconf 72' lang='lat' dir='ltr'><strong>erenei,</strong></span> <span class='ocrx_word' id='word_1_77' title='bbox 542 1778 586 1844; x_wconf 82' lang='lat' dir='ltr'><strong>ita</strong></span> <span class='ocrx_word' id='word_1_78' title='bbox 599 1792 637 1842; x_wconf 85' lang='lat' dir='ltr'><strong>ut</strong></span> <span class='ocrx_word' id='word_1_79' title='bbox 648 1793 731 1842; x_wconf 79' lang='lat' dir='ltr'><strong>osset</strong></span> <span class='ocrx_word' id='word_1_80' title='bbox 745 1765 895 1864; x_wconf 69' lang='lat' dir='ltr'><strong>patruolis</strong></span> <span class='ocrx_word' id='word_1_81' title='bbox 904 1777 1039 1842; x_wconf 78' lang='lat' dir='ltr'><strong>Iasonis.</strong></span> <span class='ocrx_word' id='word_1_82' title='bbox 1052 1777 1153 1842; x_wconf 66' lang='lat' dir='ltr'><strong>AEoon</strong></span> <span class='ocrx_word' id='word_1_83' title='bbox 1169 1779 1258 1846; x_wconf 86' lang='lat' dir='ltr'><strong>enim</strong></span> <span class='ocrx_word' id='word_1_84' title='bbox 1270 1793 1303 1846; x_wconf 80' lang='lat' dir='ltr'><strong>ot</strong></span> <span class='ocrx_word' id='word_1_85' title='bbox 1315 1779 1435 1855; x_wconf 63' lang='lat' dir='ltr'><strong>Phoros</strong></span> 
     </span>
     <span class='ocr_line' id='line_1_13' title="bbox 379 1879 1435 1971; baseline 0.001 -21"><span class='ocrx_word' id='word_1_86' title='bbox 379 1889 492 1952; x_wconf 72' lang='lat' dir='ltr'><strong>fratres</strong></span> <span class='ocrx_word' id='word_1_87' title='bbox 511 1881 600 1971; x_wconf 86' lang='lat' dir='ltr'><strong>(vide</strong></span> <span class='ocrx_word' id='word_1_88' title='bbox 615 1879 746 1946; x_wconf 70' lang='lat' dir='ltr'><strong>Pindari</strong></span> <span class='ocrx_word' id='word_1_89' title='bbox 759 1879 919 1969; x_wconf 80' lang='lat' dir='ltr'><strong>Pythll&#39;,</strong></span> <span class='ocrx_word' id='word_1_90' title='bbox 933 1903 965 1968; x_wconf 88' lang='lat' dir='ltr'><strong>p.</strong></span> <span class='ocrx_word' id='word_1_91' title='bbox 984 1881 1078 1969; x_wconf 73' lang='lat'><em>224).</em></span> <span class='ocrx_word' id='word_1_92' title='bbox 1095 1882 1199 1946; x_wconf 80' lang='lat' dir='ltr'><strong>Mater</strong></span> <span class='ocrx_word' id='word_1_93' title='bbox 1214 1884 1283 1964; x_wconf 84' lang='lat' dir='ltr'><strong>ejus</strong></span> <span class='ocrx_word' id='word_1_94' title='bbox 1294 1883 1435 1970; x_wconf 67' lang='lat' dir='ltr'><strong>Penus·</strong></span> 
     </span>
     <span class='ocr_line' id='line_1_14' title="bbox 379 1985 1435 2075; baseline -0.002 -19"><span class='ocrx_word' id='word_1_95' title='bbox 379 2014 465 2056; x_wconf 74' lang='lat' dir='ltr'><strong>nune</strong></span> <span class='ocrx_word' id='word_1_96' title='bbox 478 1986 647 2054; x_wconf 79' lang='lat' dir='ltr'><strong>diciturab</strong></span> <span class='ocrx_word' id='word_1_97' title='bbox 662 1985 807 2074; x_wconf 76' lang='lat' dir='ltr'><strong>Hygino,</strong></span> <span class='ocrx_word' id='word_1_98' title='bbox 827 1985 943 2075; x_wconf 80' lang='lat' dir='ltr'><strong>Minym</strong></span> <span class='ocrx_word' id='word_1_99' title='bbox 961 1985 1024 2050; x_wconf 77' lang='lat' dir='ltr'><strong>filia</strong></span> <span class='ocrx_word' id='word_1_100' title='bbox 1046 1991 1102 2074; x_wconf 75' lang='lat' dir='ltr'><strong>(ut</strong></span> <span class='ocrx_word' id='word_1_101' title='bbox 1116 2003 1201 2052; x_wconf 81' lang='lat' dir='ltr'><strong>rento</strong></span> <span class='ocrx_word' id='word_1_102' title='bbox 1222 2005 1435 2058; x_wconf 71' lang='lat' dir='ltr'><strong>corroserunt</strong></span> 
     </span>
     <span class='ocr_line' id='line_1_15' title="bbox 380 2089 1436 2181; baseline -0.001 -20"><span class='ocrx_word' id='word_1_103' title='bbox 380 2097 440 2162; x_wconf 84' lang='lat' dir='ltr'><strong>viri</strong></span> <span class='ocrx_word' id='word_1_104' title='bbox 451 2095 572 2181; x_wconf 85' lang='lat' dir='ltr'><strong>docti),</strong></span> <span class='ocrx_word' id='word_1_105' title='bbox 586 2113 626 2155; x_wconf 87' lang='lat' dir='ltr'><strong>ex</strong></span> <span class='ocrx_word' id='word_1_106' title='bbox 636 2091 800 2156; x_wconf 77' lang='lat' dir='ltr'>Thessalia</span> <span class='ocrx_word' id='word_1_107' title='bbox 811 2107 923 2162; x_wconf 81' lang='lat' dir='ltr'><strong>monte</strong></span> <span class='ocrx_word' id='word_1_108' title='bbox 935 2089 1222 2168; x_wconf 59' lang='lat' dir='ltr'><strong>Chaloodonio.‚ltu</strong></span> <span class='ocrx_word' id='word_1_109' title='bbox 1235 2095 1329 2158; x_wconf 74' lang='lat' dir='ltr'><strong>etism</strong></span> <span class='ocrx_word' id='word_1_110' title='bbox 1341 2109 1436 2164; x_wconf 73' lang='lat' dir='ltr'><strong>vooet</strong></span> 
     </span>
     <span class='ocr_line' id='line_1_16' title="bbox 379 2194 1432 2284; baseline -0.016 -15"><span class='ocrx_word' id='word_1_111' title='bbox 379 2205 487 2268; x_wconf 82' lang='lat' dir='ltr'>Tzetz.</span> <span class='ocrx_word' id='word_1_112' title='bbox 508 2195 645 2265; x_wconf 79' lang='lat' dir='ltr'><strong>Chiliad.</strong></span> <span class='ocrx_word' id='word_1_113' title='bbox 662 2197 713 2278; x_wconf 91' lang='lat' dir='ltr'><strong>ll,</strong></span> <span class='ocrx_word' id='word_1_114' title='bbox 730 2195 790 2277; x_wconf 81' lang='lat'><strong>53;</strong></span> <span class='ocrx_word' id='word_1_115' title='bbox 807 2194 863 2260; x_wconf 83' lang='lat' dir='ltr'><strong>sed</strong></span> <span class='ocrx_word' id='word_1_116' title='bbox 881 2195 1031 2284; x_wconf 80' lang='lat' dir='ltr'><strong>Micyllus</strong></span> <span class='ocrx_word' id='word_1_117' title='bbox 1047 2219 1117 2262; x_wconf 75' lang='lat' dir='ltr'><strong>eam</strong></span> <span class='ocrx_word' id='word_1_118' title='bbox 1135 2195 1299 2282; x_wconf 60' lang='lat' dir='ltr'><strong>Chmooen</strong></span> <span class='ocrx_word' id='word_1_119' title='bbox 1312 2221 1432 2277; x_wconf 65' lang='grc' dir='ltr'><strong>νρωῃ.</strong></span> 
     </span>
     <span class='ocr_line' id='line_1_17' title="bbox 380 2299 1435 2392; baseline -0.003 -20"><span class='ocrx_word' id='word_1_120' title='bbox 380 2307 455 2373; x_wconf 81' lang='lat' dir='ltr'><strong>dam</strong></span> <span class='ocrx_word' id='word_1_121' title='bbox 471 2327 539 2370; x_wconf 85' lang='lat' dir='ltr'><strong>esse</strong></span> <span class='ocrx_word' id='word_1_122' title='bbox 554 2302 672 2382; x_wconf 80' lang='lat' dir='ltr'><strong>voluit3</strong></span> <span class='ocrx_word' id='word_1_123' title='bbox 696 2299 736 2365; x_wconf 89' lang='lat' dir='ltr'><strong>de</strong></span> <span class='ocrx_word' id='word_1_124' title='bbox 756 2323 820 2389; x_wconf 77' lang='lat' dir='ltr'><strong>qua</strong></span> <span class='ocrx_word' id='word_1_125' title='bbox 842 2301 876 2364; x_wconf 92' lang='lat' dir='ltr'><strong>in</strong></span> <span class='ocrx_word' id='word_1_126' title='bbox 894 2301 1011 2364; x_wconf 74' lang='lat' dir='ltr'><strong>iasone</strong></span> <span class='ocrx_word' id='word_1_127' title='bbox 1026 2299 1224 2384; x_wconf 85' lang='lat' dir='ltr'><strong>videbimus,</strong></span> <span class='ocrx_word' id='word_1_128' title='bbox 1240 2303 1435 2392; x_wconf 76' lang='lat' dir='ltr'><strong>ellphic103</strong></span> 
     </span>
     <span class='ocr_line' id='line_1_18' title="bbox 379 2405 1435 2497; baseline -0.005 -19"><span class='ocrx_word' id='word_1_129' title='bbox 379 2413 472 2478; x_wconf 84' lang='lat' dir='ltr'><strong>duxit</strong></span> <span class='ocrx_word' id='word_1_130' title='bbox 488 2431 620 2476; x_wconf 81' lang='lat' dir='ltr'><strong>uxorem</strong></span> <span class='ocrx_word' id='word_1_131' title='bbox 632 2407 811 2485; x_wconf 63' lang='lat' dir='ltr'><strong>Aloanda,</strong></span> <span class='ocrx_word' id='word_1_132' title='bbox 831 2406 924 2470; x_wconf 72' lang='lat' dir='ltr'><strong>Pelius</strong></span> <span class='ocrx_word' id='word_1_133' title='bbox 935 2405 1051 2488; x_wconf 78' lang='lat' dir='ltr'><strong>filiam,</strong></span> <span class='ocrx_word' id='word_1_134' title='bbox 1065 2408 1171 2472; x_wconf 74' lang='lat' dir='ltr'><strong>Acasti</strong></span> <span class='ocrx_word' id='word_1_135' title='bbox 1186 2429 1349 2492; x_wconf 86' lang='lat' dir='ltr'><strong>sororem,</strong></span> <span class='ocrx_word' id='word_1_136' title='bbox 1363 2431 1435 2497; x_wconf 72' lang='lat' dir='ltr'><strong>qum</strong></span> 
     </span>
     <span class='ocr_line' id='line_1_19' title="bbox 380 2511 1436 2606; baseline -0.007 -21"><span class='ocrx_word' id='word_1_137' title='bbox 380 2536 456 2585; x_wconf 82' lang='lat' dir='ltr'><strong>nota</strong></span> <span class='ocrx_word' id='word_1_138' title='bbox 471 2517 608 2606; x_wconf 80' lang='lat' dir='ltr'><strong>pietate,</strong></span> <span class='ocrx_word' id='word_1_139' title='bbox 630 2535 690 2602; x_wconf 87' lang='lat' dir='ltr'><strong>pro</strong></span> <span class='ocrx_word' id='word_1_140' title='bbox 705 2512 776 2576; x_wconf 83' lang='lat' dir='ltr'><strong>viro</strong></span> <span class='ocrx_word' id='word_1_141' title='bbox 792 2511 873 2577; x_wconf 83' lang='lat' dir='ltr'><strong>obiit</strong></span> <span class='ocrx_word' id='word_1_142' title='bbox 887 2513 1099 2576; x_wconf 79' lang='lat' dir='ltr'><strong>voluntariam</strong></span> <span class='ocrx_word' id='word_1_143' title='bbox 1116 2529 1270 2596; x_wconf 84' lang='lat' dir='ltr'><strong>mortem,</strong></span> <span class='ocrx_word' id='word_1_144' title='bbox 1294 2531 1332 2578; x_wconf 90' lang='lat' dir='ltr'><strong>ut</strong></span> <span class='ocrx_word' id='word_1_145' title='bbox 1347 2529 1436 2602; x_wconf 75' lang='lat' dir='ltr'><strong>putet</strong></span> 
     </span>
     <span class='ocr_line' id='line_1_20' title="bbox 380 2617 1436 2710; baseline -0.006 -18"><span class='ocrx_word' id='word_1_146' title='bbox 380 2651 419 2692; x_wconf 83' lang='lat' dir='ltr'><strong>ex</strong></span> <span class='ocrx_word' id='word_1_147' title='bbox 436 2625 587 2690; x_wconf 82' lang='lat' dir='ltr'><strong>omnibus</strong></span> <span class='ocrx_word' id='word_1_148' title='bbox 599 2619 814 2710; x_wconf 70' lang='lat' dir='ltr'><strong>Mythologis,</strong></span> <span class='ocrx_word' id='word_1_149' title='bbox 833 2635 866 2684; x_wconf 86' lang='lat' dir='ltr'><strong>et</strong></span> <span class='ocrx_word' id='word_1_150' title='bbox 878 2617 1034 2684; x_wconf 84' lang='lat' dir='ltr'><strong>Aloestide</strong></span> <span class='ocrx_word' id='word_1_151' title='bbox 1047 2619 1154 2684; x_wconf 75' lang='lat' dir='ltr'><strong>fabula</strong></span> <span class='ocrx_word' id='word_1_152' title='bbox 1170 2620 1347 2709; x_wconf 81' lang='lat' dir='ltr'><strong>Euripidis3</strong></span> <span class='ocrx_word' id='word_1_153' title='bbox 1362 2621 1436 2686; x_wconf 83' lang='lat' dir='ltr'><strong>vide</strong></span> 
     </span>
     <span class='ocr_line' id='line_1_21' title="bbox 380 2722 1434 2813; baseline -0.006 -16"><span class='ocrx_word' id='word_1_154' title='bbox 380 2731 486 2798; x_wconf 77' lang='lat' dir='ltr'><strong>Barth.</strong></span> <span class='ocrx_word' id='word_1_155' title='bbox 506 2729 547 2794; x_wconf 80' lang='lat' dir='ltr'><strong>ad</strong></span> <span class='ocrx_word' id='word_1_156' title='bbox 563 2729 639 2792; x_wconf 67' lang='lat' dir='ltr'><strong>Stat.</strong></span> <span class='ocrx_word' id='word_1_157' title='bbox 650 2725 752 2790; x_wconf 78' lang='lat' dir='ltr'><strong>Theb.</strong></span> <span class='ocrx_word' id='word_1_158' title='bbox 763 2722 827 2805; x_wconf 88' lang='lat' dir='ltr'><strong>Vl,</strong></span> <span class='ocrx_word' id='word_1_159' title='bbox 843 2723 925 2804; x_wconf 78' lang='lat'><strong>3323</strong></span> <span class='ocrx_word' id='word_1_160' title='bbox 947 2723 1094 2813; x_wconf 80' lang='lat' dir='ltr'>Hyginus</span> <span class='ocrx_word' id='word_1_161' title='bbox 1109 2745 1205 2806; x_wconf 76' lang='lat' dir='ltr'><strong>vero,</strong></span> <span class='ocrx_word' id='word_1_162' title='bbox 1227 2727 1335 2790; x_wconf 72' lang='lat' dir='ltr'><strong>fabula</strong></span> <span class='ocrx_word' id='word_1_163' title='bbox 1352 2727 1434 2810; x_wconf 81' lang='lat'><strong>256,</strong></span> 
     </span>
     <span class='ocr_line' id='line_1_22' title="bbox 379 2827 1435 2928; baseline -0.006 -25"><span class='ocrx_word' id='word_1_164' title='bbox 379 2839 440 2928; x_wconf 88' lang='lat' dir='ltr'><strong>ipsi</strong></span> <span class='ocrx_word' id='word_1_165' title='bbox 458 2836 511 2901; x_wconf 82' lang='lat' dir='ltr'><strong>dat</strong></span> <span class='ocrx_word' id='word_1_166' title='bbox 527 2835 726 2912; x_wconf 83' lang='lat' dir='ltr'><strong>Theonoen,</strong></span> <span class='ocrx_word' id='word_1_167' title='bbox 743 2829 908 2894; x_wconf 79' lang='lat' dir='ltr'><strong>Thestoris</strong></span> <span class='ocrx_word' id='word_1_168' title='bbox 925 2827 1032 2894; x_wconf 80' lang='lat' dir='ltr'><strong>filiam.</strong></span> <span class='ocrx_word' id='word_1_169' title='bbox 1053 2830 1147 2896; x_wconf 77' lang='lat' dir='ltr'><strong>Plura</strong></span> <span class='ocrx_word' id='word_1_170' title='bbox 1160 2829 1201 2894; x_wconf 80' lang='lat' dir='ltr'><strong>de</strong></span> <span class='ocrx_word' id='word_1_171' title='bbox 1211 2831 1345 2895; x_wconf 81' lang='lat' dir='ltr'><strong>Admeto</strong></span> <span class='ocrx_word' id='word_1_172' title='bbox 1362 2831 1435 2897; x_wconf 80' lang='lat' dir='ltr'><strong>ride</strong></span> 
     </span>
     <span class='ocr_line' id='line_1_23' title="bbox 380 2932 1435 3033; baseline -0.008 -24"><span class='ocrx_word' id='word_1_173' title='bbox 380 2941 467 3033; x_wconf 80' lang='lat' dir='ltr'><strong>apud</strong></span> <span class='ocrx_word' id='word_1_174' title='bbox 483 2939 696 3006; x_wconf 72' lang='lat' dir='ltr'><strong>Maeriaoum</strong></span> <span class='ocrx_word' id='word_1_175' title='bbox 723 2933 763 2998; x_wconf 80' lang='lat' dir='ltr'><strong>ad</strong></span> <span class='ocrx_word' id='word_1_176' title='bbox 782 2932 875 2999; x_wconf 79' lang='lat' dir='ltr'><strong>ovid.</strong></span> <span class='ocrx_word' id='word_1_177' title='bbox 900 2933 1000 3021; x_wconf 82' lang='lat' dir='ltr'><strong>Epist.</strong></span> <span class='ocrx_word' id='word_1_178' title='bbox 1022 2934 1198 3016; x_wconf 81' lang='lat' dir='ltr'><strong>OEnones,</strong></span> <span class='ocrx_word' id='word_1_179' title='bbox 1216 2955 1250 3023; x_wconf 85' lang='lat' dir='ltr'><strong>p.</strong></span> <span class='ocrx_word' id='word_1_180' title='bbox 1276 2939 1356 3022; x_wconf 67' lang='lat'><strong>4993</strong></span> <span class='ocrx_word' id='word_1_181' title='bbox 1378 2935 1435 3001; x_wconf 84' lang='lat' dir='ltr'><strong>sod</strong></span> 
     </span>
     <span class='ocr_line' id='line_1_24' title="bbox 380 3038 1225 3138; baseline -0.013 -23"><span class='ocrx_word' id='word_1_182' title='bbox 380 3073 452 3138; x_wconf 82' lang='lat' dir='ltr'><strong>quae</strong></span> <span class='ocrx_word' id='word_1_183' title='bbox 468 3043 715 3135; x_wconf 78' lang='lat' dir='ltr'><strong>Argonauticnm</strong></span> <span class='ocrx_word' id='word_1_184' title='bbox 734 3038 970 3128; x_wconf 84' lang='lat' dir='ltr'><strong>expeditionem</strong></span> <span class='ocrx_word' id='word_1_185' title='bbox 985 3061 1052 3102; x_wconf 90' lang='lat' dir='ltr'><strong>non</strong></span> <span class='ocrx_word' id='word_1_186' title='bbox 1071 3054 1225 3128; x_wconf 83' lang='lat' dir='ltr'><strong>spectant.</strong></span> 
     </span>
    </p>
   </div>
   <div class='ocr_carea' id='block_1_5' title="bbox 379 3277 1437 4315">
    <p class='ocr_par' dir='ltr' id='par_1_5' title="bbox 379 3277 1437 4315">
     <span class='ocr_line' id='line_1_25' title="bbox 425 3277 1437 3366; baseline -0.002 -19"><span class='ocrx_word' id='word_1_187' title='bbox 425 3278 697 3359; x_wconf 84' lang='lat' dir='ltr'><strong>AETHALIDES,</strong></span> <span class='ocrx_word' id='word_1_188' title='bbox 724 3297 843 3340; x_wconf 87' lang='lat' dir='ltr'><strong>nomen</strong></span> <span class='ocrx_word' id='word_1_189' title='bbox 867 3277 1052 3366; x_wconf 87' lang='lat' dir='ltr'><strong>proprium,</strong></span> <span class='ocrx_word' id='word_1_190' title='bbox 1067 3277 1142 3341; x_wconf 83' lang='lat' dir='ltr'><strong>licet</strong></span> <span class='ocrx_word' id='word_1_191' title='bbox 1157 3277 1293 3343; x_wconf 84' lang='lat' dir='ltr'><strong>formam</strong></span> <span class='ocrx_word' id='word_1_192' title='bbox 1320 3278 1437 3345; x_wconf 71' lang='lat' dir='ltr'><strong>habeat</strong></span> 
     </span>
     <span class='ocr_line' id='line_1_26' title="bbox 381 3381 1434 3480; baseline -0.004 -26"><span class='ocrx_word' id='word_1_193' title='bbox 381 3385 654 3480; x_wconf 78' lang='lat' dir='ltr'><strong>patronymimm,</strong></span> <span class='ocrx_word' id='word_1_194' title='bbox 677 3400 715 3447; x_wconf 81' lang='lat' dir='ltr'><strong>ot</strong></span> <span class='ocrx_word' id='word_1_195' title='bbox 743 3382 892 3446; x_wconf 79' lang='lat' dir='ltr'><strong>observat</strong></span> <span class='ocrx_word' id='word_1_196' title='bbox 919 3381 1109 3446; x_wconf 76' lang='lat' dir='ltr'><strong>scholiastes</strong></span> <span class='ocrx_word' id='word_1_197' title='bbox 1134 3383 1315 3472; x_wconf 78' lang='lat' dir='ltr'><strong>Apollonii3</strong></span> <span class='ocrx_word' id='word_1_198' title='bbox 1335 3408 1434 3473; x_wconf 85' lang='lat' dir='ltr'><strong>quem</strong></span> 
     </span>
     <span class='ocr_line' id='line_1_27' title="bbox 382 3485 1437 3578; baseline -0.004 -19"><span class='ocrx_word' id='word_1_199' title='bbox 382 3495 463 3560; x_wconf 79' lang='lat' dir='ltr'><strong>male</strong></span> <span class='ocrx_word' id='word_1_200' title='bbox 476 3489 647 3555; x_wconf 78' lang='lat' dir='ltr'><strong>Etlaliden</strong></span> <span class='ocrx_word' id='word_1_201' title='bbox 663 3487 847 3578; x_wconf 79' lang='lat' dir='ltr'><strong>exprimunt</strong></span> <span class='ocrx_word' id='word_1_202' title='bbox 864 3485 952 3576; x_wconf 86' lang='lat' dir='ltr'><strong>apud</strong></span> <span class='ocrx_word' id='word_1_203' title='bbox 967 3487 1144 3576; x_wconf 81' lang='lat' dir='ltr'><strong>Hyginum.</strong></span> <span class='ocrx_word' id='word_1_204' title='bbox 1158 3487 1311 3554; x_wconf 86' lang='lat' dir='ltr'><strong>Mercurii</strong></span> <span class='ocrx_word' id='word_1_205' title='bbox 1326 3507 1359 3554; x_wconf 86' lang='lat' dir='ltr'><strong>et</strong></span> <span class='ocrx_word' id='word_1_206' title='bbox 1371 3491 1437 3556; x_wconf 88' lang='lat' dir='ltr'><strong>Eu·</strong></span> 
     </span>
     <span class='ocr_line' id='line_1_28' title="bbox 381 3590 1435 3691; baseline -0.006 -25"><span class='ocrx_word' id='word_1_207' title='bbox 381 3598 543 3691; x_wconf 78' lang='lat' dir='ltr'><strong>polemiae,</strong></span> <span class='ocrx_word' id='word_1_208' title='bbox 572 3593 785 3683; x_wconf 82' lang='lat' dir='ltr'><strong>Myrmidonis</strong></span> <span class='ocrx_word' id='word_1_209' title='bbox 812 3591 900 3673; x_wconf 78' lang='lat' dir='ltr'><strong>filiae,</strong></span> <span class='ocrx_word' id='word_1_210' title='bbox 930 3590 1027 3673; x_wconf 87' lang='lat' dir='ltr'><strong>lilius,</strong></span> <span class='ocrx_word' id='word_1_211' title='bbox 1055 3592 1236 3660; x_wconf 79' lang='lat' dir='ltr'><strong>Larissaeus.</strong></span> <span class='ocrx_word' id='word_1_212' title='bbox 1266 3595 1435 3684; x_wconf 87' lang='lat' dir='ltr'><strong>Orpheus,</strong></span> 
     </span>
     <span class='ocr_line' id='line_1_29' title="bbox 379 3695 1435 3788; baseline -0.006 -16"><span class='ocrx_word' id='word_1_213' title='bbox 379 3729 475 3776; x_wconf 79' lang='lat' dir='ltr'><strong>versu</strong></span> <span class='ocrx_word' id='word_1_214' title='bbox 495 3702 566 3783; x_wconf 87' lang='lat'><strong>131,</strong></span> <span class='ocrx_word' id='word_1_215' title='bbox 581 3723 656 3765; x_wconf 85' lang='lat' dir='ltr'><strong>eum</strong></span> <span class='ocrx_word' id='word_1_216' title='bbox 669 3700 702 3763; x_wconf 92' lang='lat' dir='ltr'><strong>in</strong></span> <span class='ocrx_word' id='word_1_217' title='bbox 719 3698 822 3788; x_wconf 87' lang='lat' dir='ltr'><strong>Alope</strong></span> <span class='ocrx_word' id='word_1_218' title='bbox 840 3714 952 3761; x_wconf 82' lang='lat' dir='ltr'><strong>natum</strong></span> <span class='ocrx_word' id='word_1_219' title='bbox 969 3719 1036 3762; x_wconf 85' lang='lat' dir='ltr'><strong>esse</strong></span> <span class='ocrx_word' id='word_1_220' title='bbox 1052 3695 1141 3762; x_wconf 80' lang='lat' dir='ltr'><strong>dicit.</strong></span> <span class='ocrx_word' id='word_1_221' title='bbox 1153 3700 1345 3788; x_wconf 89' lang='lat' dir='ltr'><strong>Apollonius</strong></span> <span class='ocrx_word' id='word_1_222' title='bbox 1357 3725 1435 3766; x_wconf 82' lang='lat' dir='ltr'><strong>vero</strong></span> 
     </span>
     <span class='ocr_line' id='line_1_30' title="bbox 379 3801 1435 3896; baseline -0.008 -17"><span class='ocrx_word' id='word_1_223' title='bbox 379 3815 435 3880; x_wconf 92' lang='lat' dir='ltr'><strong>lib.</strong></span> <span class='ocrx_word' id='word_1_224' title='bbox 453 3815 483 3894; x_wconf 92' lang='lat'><strong>1,</strong></span> <span class='ocrx_word' id='word_1_225' title='bbox 503 3808 562 3891; x_wconf 74' lang='lat'><strong>54,</strong></span> <span class='ocrx_word' id='word_1_226' title='bbox 585 3822 695 3871; x_wconf 83' lang='lat' dir='ltr'><strong>natum</strong></span> <span class='ocrx_word' id='word_1_227' title='bbox 726 3804 766 3868; x_wconf 82' lang='lat' dir='ltr'><strong>ad</strong></span> <span class='ocrx_word' id='word_1_228' title='bbox 794 3804 1013 3893; x_wconf 75' lang='lat' dir='ltr'><strong>Amphrysum</strong></span> <span class='ocrx_word' id='word_1_229' title='bbox 1041 3801 1175 3868; x_wconf 83' lang='lat' dir='ltr'><strong>fluvium</strong></span> <span class='ocrx_word' id='word_1_230' title='bbox 1199 3807 1302 3886; x_wconf 77' lang='lat' dir='ltr'><strong>molt,</strong></span> <span class='ocrx_word' id='word_1_231' title='bbox 1332 3831 1435 3896; x_wconf 88' lang='lat' dir='ltr'><strong>quum</strong></span> 
     </span>
     <span class='ocr_line' id='line_1_31' title="bbox 380 3907 1435 4006; baseline -0.008 -22"><span class='ocrx_word' id='word_1_232' title='bbox 380 3921 490 4006; x_wconf 81' lang='lat' dir='ltr'><strong>Alopae</strong></span> <span class='ocrx_word' id='word_1_233' title='bbox 506 3912 704 3979; x_wconf 79' lang='lat' dir='ltr'><strong>habitaverit.</strong></span> <span class='ocrx_word' id='word_1_234' title='bbox 729 3907 856 3973; x_wconf 80' lang='lat' dir='ltr'><strong>Valerio</strong></span> <span class='ocrx_word' id='word_1_235' title='bbox 876 3925 988 3972; x_wconf 88' lang='lat' dir='ltr'><strong>nostro</strong></span> <span class='ocrx_word' id='word_1_236' title='bbox 1008 3908 1049 3972; x_wconf 79' lang='lat' dir='ltr'><strong>ab</strong></span> <span class='ocrx_word' id='word_1_237' title='bbox 1067 3923 1134 3972; x_wconf 75' lang='lat' dir='ltr'><strong>arte</strong></span> <span class='ocrx_word' id='word_1_238' title='bbox 1156 3909 1327 4000; x_wconf 79' lang='lat' dir='ltr'><strong>sagittandi</strong></span> <span class='ocrx_word' id='word_1_239' title='bbox 1350 3913 1435 3978; x_wconf 78' lang='lat' dir='ltr'><strong>celo-</strong></span> 
     </span>
     <span class='ocr_line' id='line_1_32' title="bbox 381 4013 1436 4104; baseline -0.009 -13"><span class='ocrx_word' id='word_1_240' title='bbox 381 4028 492 4090; x_wconf 84' lang='lat' dir='ltr'><strong>bratur</strong></span> <span class='ocrx_word' id='word_1_241' title='bbox 514 4021 571 4084; x_wconf 90' lang='lat' dir='ltr'><strong>lib.</strong></span> <span class='ocrx_word' id='word_1_242' title='bbox 600 4019 633 4098; x_wconf 93' lang='lat' dir='ltr'><strong>l,</strong></span> <span class='ocrx_word' id='word_1_243' title='bbox 661 4016 740 4096; x_wconf 75' lang='lat'><strong>4363</strong></span> <span class='ocrx_word' id='word_1_244' title='bbox 767 4015 807 4078; x_wconf 85' lang='lat' dir='ltr'><strong>ab</strong></span> <span class='ocrx_word' id='word_1_245' title='bbox 834 4013 1034 4102; x_wconf 84' lang='lat' dir='ltr'><strong>Apollodoro</strong></span> <span class='ocrx_word' id='word_1_246' title='bbox 1067 4015 1214 4080; x_wconf 86' lang='lat' dir='ltr'><strong>omissus.</strong></span> <span class='ocrx_word' id='word_1_247' title='bbox 1244 4016 1436 4104; x_wconf 85' lang='lat' dir='ltr'><strong>Apollonius</strong></span> 
     </span>
     <span class='ocr_line' id='line_1_33' title="bbox 380 4115 1437 4207; baseline -0.007 -14"><span class='ocrx_word' id='word_1_248' title='bbox 380 4131 492 4207; x_wconf 78' lang='lat' dir='ltr'><strong>etiam,</strong></span> <span class='ocrx_word' id='word_1_249' title='bbox 512 4124 568 4188; x_wconf 90' lang='lat' dir='ltr'><strong>lib.</strong></span> <span class='ocrx_word' id='word_1_250' title='bbox 587 4124 621 4202; x_wconf 93' lang='lat' dir='ltr'><strong>I,</strong></span> <span class='ocrx_word' id='word_1_251' title='bbox 646 4123 704 4200; x_wconf 77' lang='lat'><strong>64,</strong></span> <span class='ocrx_word' id='word_1_252' title='bbox 721 4135 759 4183; x_wconf 86' lang='lat' dir='ltr'><strong>ut</strong></span> <span class='ocrx_word' id='word_1_253' title='bbox 774 4129 866 4198; x_wconf 69' lang='grc' dir='ltr'><strong>κήρυκι</strong></span> <span class='ocrx_word' id='word_1_254' title='bbox 888 4115 1065 4203; x_wconf 81' lang='lat' dir='ltr'><strong>(Mercurii</strong></span> <span class='ocrx_word' id='word_1_255' title='bbox 1081 4117 1169 4182; x_wconf 78' lang='lat' dir='ltr'><strong>enim</strong></span> <span class='ocrx_word' id='word_1_256' title='bbox 1189 4118 1255 4184; x_wconf 82' lang='lat' dir='ltr'><strong>filio</strong></span> <span class='ocrx_word' id='word_1_257' title='bbox 1270 4137 1356 4186; x_wconf 82' lang='lat' dir='ltr'><strong>recte</strong></span> <span class='ocrx_word' id='word_1_258' title='bbox 1372 4121 1437 4186; x_wconf 89' lang='lat' dir='ltr'><strong>hoc</strong></span> 
     </span>
     <span class='ocr_line' id='line_1_34' title="bbox 383 4223 1437 4315; baseline -0.007 -19"><span class='ocrx_word' id='word_1_259' title='bbox 383 4255 500 4296; x_wconf 84' lang='lat' dir='ltr'><strong>munus</strong></span> <span class='ocrx_word' id='word_1_260' title='bbox 518 4227 660 4297; x_wconf 82' lang='lat' dir='ltr'><strong>mandari</strong></span> <span class='ocrx_word' id='word_1_261' title='bbox 680 4225 825 4312; x_wconf 83' lang='lat' dir='ltr'><strong>poterat)</strong></span> <span class='ocrx_word' id='word_1_262' title='bbox 849 4223 981 4288; x_wconf 85' lang='lat' dir='ltr'><strong>missum</strong></span> <span class='ocrx_word' id='word_1_263' title='bbox 998 4224 1038 4286; x_wconf 79' lang='lat' dir='ltr'><strong>ah</strong></span> <span class='ocrx_word' id='word_1_264' title='bbox 1049 4225 1242 4311; x_wconf 69' lang='lat' dir='ltr'><strong>Argonautis</strong></span> <span class='ocrx_word' id='word_1_265' title='bbox 1258 4226 1299 4290; x_wconf 82' lang='lat' dir='ltr'><strong>ad</strong></span> <span class='ocrx_word' id='word_1_266' title='bbox 1318 4229 1437 4315; x_wconf 84' lang='lat' dir='ltr'><strong>Hypsi-</strong></span> 
     </span>
    </p>
   </div>
   <div class='ocr_carea' id='block_1_6' title="bbox 0 0 1582 5126">
    <p class='ocr_par' dir='ltr' id='par_1_6' title="bbox 0 0 1582 5126">
     <span class='ocr_line' id='line_1_35' title="bbox 0 0 1582 5126; baseline 0 0"><span class='ocrx_word' id='word_1_267' title='bbox 0 0 1582 5126; x_wconf 95' lang='lat' dir='ltr'><strong> </strong></span> 
     </span>
    </p>
   </div>
  </div>
 </body>
</html>
