3124 5132
345 524 472 589 uovr
504 525 752 589 surrours
783 489 941 590 uara.
1131 550 1168 612 71

106 642 196 706 insigne
207 639 391 705 supersa'tionis
400 637 498 690 foratas
508 653 635 708 aprorum
643 651 754 706 gestant.
766 640 848 705 Idpro
859 640 946 698 armis,
956 641 1070 706 omnique
1080 643 1173 691 hasla:
1237 693 1241 698 ,

108 740 211 772 mem
220 724 282 772 deoe
291 724 408 771 calmem
417 723 488 771 etiarn
497 722 560 772 inter
568 722 647 773 hostes
657 734 767 788 prostat.

138 857 172 909 V.
182 857 230 926 9⁵·
240 859 339 908 Asculi
350 858 476 908 Sidonicas
484 858 547 907 enter
554 859 629 924 pedes
642 870 726 924 ecquae
735 859 853 908 habenas.
862 887 896 897 -
904 880 915 902 ι
924 856 1011 909 Locus
1025 858 1178 912 obscurissi-

111 959 178 1004 mus,
189 943 220 993 in
230 959 290 1012 quo
301 939 458 1012 explicando
468 939 545 994 valde
555 937 717 992 desudarunt
727 940 897 1012 interpretes,
907 940 972 992 nihil
985 951 1071 994 tameo
1088 943 1175 1012 prole-

112 1037 205 1078 cerunt.
218 1024 256 1076 Et
264 1024 384 1096 primum
395 1023 502 1094 quidem
512 1021 618 1076 Heinsio
628 1039 668 1074 ass
676 1026 717 1074 ubi
725 1042 778 1075 non
789 1024 850 1076 sutis
859 1035 919 1096 apte
930 1023 1090 1095 respondere
1103 1025 1177 1079 vide·

113 1125 150 1164 mr
160 1111 287 1184 sequani
300 1113 380 1171 illinc,
390 1119 549 1182 quapropter
561 1108 660 1161 mavult
675 1109 717 1160 rel
736 1111 810 1170 hinc,
825 1109 868 1161 vel
876 1123 951 1176 poss,
964 1108 1078 1176 deiude,
1092 1128 1176 1180 quum

116 1195 203 1248 suaso
214 1233 224 1258 ,
239 1194 360 1256 tiuvn,
375 1190 577 1256 c.16,Sidonas
588 1191 773 1245 Bastarnarum
787 1202 890 1262 partem
905 1191 983 1246 inisse
995 1191 1095 1258 tradat,
1105 1193 1175 1247 idem

116 1280 150 1331 vir
159 1279 225 1331 olim
240 1276 428 1341 doctissimus,
441 1295 475 1328 ne
488 1275 609 1328 eumdem
620 1275 749 1347 populum
759 1275 881 1327 Valerius
893 1273 933 1326 bis
946 1274 1063 1346 posuisse
1073 1275 1177 1328 videre·

117 1375 153 1414 tur
164 1360 259 1433 (qnod
271 1370 362 1413 tamen
375 1359 442 1412 nihil
455 1377 498 1412 me
511 1371 613 1422 movet,
627 1377 711 1432 quum
724 1359 803 1412 nnius
819 1358 904 1431 gentis
916 1359 1007 1431 plures
1019 1358 1135 1412 nationes
1150 1360 1177 1412 in

118 1445 204 1499 odem
219 1443 341 1498 exer-citu
351 1443 450 1514 possim
461 1442 580 1496 militiam
594 1445 699 1515 agere),
710 1445 759 1514 pr'o
771 1445 900 1494 Sidonicas
914 1446 1060 1517 conjecerat
1072 1447 1176 1494 Essedo-

119 1533 195 1590 aicss,
206 1541 235 1582 et
247 1529 298 1580 sub
306 1544 372 1580 soce
382 1523 452 1586 in'ter,
465 1545 561 1580 nomen
573 1526 682 1599 aliquod
694 1527 778 1599 gentis
789 1526 941 1581 delitescere
949 1528 1094 1599 suspicatus
1105 1539 1177 1588 erat,

107 1612 200 1683 'iaqno
208 1610 415 1682 adstipulantem
427 1610 518 1662 habuit
526 1611 715 1664 Burmnnuum.
727 1610 794 1662 Mihi
805 1611 902 1682 igitur,
911 1611 1068 1683 praesertim,
1078 1631 1103 1662 v.
1116 1611 1177 1680 750,

121 1697 297 1768 comparanti,
318 1695 397 1748 talem
421 1685 550 1747 invenisse
568 1707 673 1766 gentem
698 1693 762 1746 olim
787 1694 915 1758 videbor,
937 1695 1107 1768 legebamque
1124 1697 1180 1746 Iber

122 1796 162 1848 qno
178 1781 253 1842 ater,
269 1795 352 1848 quam
372 1789 459 1830 tamen
481 1779 658 1849 conjecturam
675 1789 763 1848 postea
785 1797 836 1830 nna
856 1777 941 1832 delevi
960 1779 1054 1842 litura,
1069 1779 1179 1850 purtim,

123 1859 186 1931 qood
198 1862 316 1932 primam
329 1860 456 1931 syllabam
471 1861 497 1912 in
512 1863 585 1912 Iberis
600 1860 698 1931 ubique
712 1873 861 1934 correptam
875 1861 1053 1934 deprehendi,
1063 1863 1178 1933 partim,

123 1943 186 2015 qood
198 1944 270 1997 Iberi
279 1947 387 1998 seorsim
397 1957 555 2012 occurrunt,
570 1965 595 1998 v.
608 1964 667 1999 sno.
674 1945 779 2010 Variis,
790 1946 886 2018 quihus
900 1946 1043 2000 faciliorem
1055 1947 1113 2000 loco
1123 1966 1181 2000 seu·

186 2027 247 2080 dari
257 2046 335 2099 posse
343 2029 476 2099 opinarer,
489 2029 657 2100 excogitatis,
670 2027 777 2100 tandem
789 2047 842 2082 una
857 2029 930 2082 litera
944 2043 1042 2083 mutata
1054 2048 1061 2082 :
1077 2037 1119 2081 Est
1130 2049 1180 2101 pro

124 2117 177 2168 aas,
191 2111 299 2173 omnia,
318 2110 357 2161 uti
373 2111 475 2181 jacent,
490 2111 587 2164 servari
602 2130 678 2182 posse
692 2109 803 2164 credidi.
821 2118 865 2164 Est
880 2117 935 2174 nbi,
951 2115 968 2166 i.
984 2132 1006 2166 e.
1020 2114 1181 2182 hinc(habes

125 2187 207 2256 igitnn
219 2187 293 2260 quod
303 2201 452 2259 opponatur
464 2199 498 2264 τῷ
510 2191 577 2242 illine
586 2193 596 2260 )
605 2229 613 2254 ,
623 2192 750 2242 Sidonicas
760 2193 824 2242 inter
827 2195 905 2260 pedes
915 2206 997 2259 aquas
1007 2195 1116 2244 habenas
1126 2193 1182 2260 (est

125 2271 165 2321 alsi
178 2272 246 2324 inter
254 2271 281 2324 S.
291 2271 408 2323 habenas
424 2271 502 2342 pedes
515 2275 618 2344 aequat)
633 2273 685 2326 hoc
698 2291 791 2327 seusu:
804 2274 862 2344 pari
876 2273 994 2346 peditum
1009 2276 1181 2346 equitumque

125 2371 229 2406 mosera
239 2356 267 2406 in
280 2353 378 2406 bellum
393 2355 497 2407 iverunt
512 2355 631 2410 Sidonos.
642 2359 753 2424 AEquare
767 2356 859 2410 eodem
875 2377 952 2411 sensu
967 2372 1005 2412 est
1019 2359 1107 2420 iufra,
1122 2361 1180 2410 160.

126 2437 227 2491 ldeliora
238 2457 308 2490 nunc
318 2457 372 2490 non
382 2439 475 2492 habeo.
488 2471 515 2479 -—
528 2441 584 2493 Nee
600 2442 686 2492 miuus
698 2439 841 2513 impeditus
857 2456 907 2509 est,
917 2463 944 2497 v.
956 2448 997 2510 96.
1009 2446 1181 2509 Illincjnratos

127 2541 198 2572 m
217 2525 293 2574 osiris
309 2525 358 2573 AEa
376 2529 506 2574 Baternas.
524 2523 598 2589 Quid
616 2523 707 2577 euim?
720 2529 768 2578 AEa
784 2543 868 2598 quum
884 2525 1044 2578 Colchorum
1066 2524 1112 2586 sit,
1129 2542 1183 2574 non

125 2605 273 2675 Scytharum
282 2646 290 2669 ,
299 2603 437 2677 dequibus
447 2606 492 2672 hio
503 2626 605 2672 sermo,
616 2607 707 2660 civitas
721 2627 820 2670 ,secam
832 2607 907 2660 nullo
918 2605 999 2658 modo
1013 2605 1070 2657 lieri
1081 2616 1181 2676 potest,

125 2686 264 2759 lolmsqne
277 2686 375 2741 accedo
391 2690 537 2742 auctoritati
550 2689 684 2742 Valesiani
699 2689 798 2744 codicis
815 2703 840 2742 et
856 2688 977 2742 editionis
996 2681 1183 2750 Bononiensis,

126 2769 262 2840 legentium
273 2789 281 2822 :
290 2774 388 2840 jactos
398 2771 436 2822 IN
449 2773 488 2826 SE
498 2775 508 2842 (
517 2772 594 2844 quod·
602 2772 673 2826 idem
686 2791 739 2825 ora
750 2772 908 2844 exemplaris
921 2771 961 2825 sui
974 2769 1114 2841 adscripsit
1122 2770 1182 2822 Rei·

124 2855 242 2924 nesius),
257 2855 275 2907 i.
288 2873 311 2906 e.
325 2857 387 2922 AEa,
396 2873 444 2908 rex
454 2857 553 2921 AEetes,
563 2856 659 2928 injuria
677 2857 752 2908 fratri
770 2851 858 2916 rllatat
872 2853 974 2918 ellecit,
991 2865 1019 2904 ut
1028 2853 1146 2904 Baternee
1156 2852 1183 2904 in

125 2955 180 2988 eum
191 2939 377 3011 conjurarent,
387 2951 412 2991 et
421 2939 516 2992 infesta
527 2957 607 2991 rnanu
617 2939 714 3010 regiam
731 2941 788 3010 ejus
799 2949 924 3009 peterent.
936 2935 1065 2988 Eumdem
1078 2953 1183 2988 sensnm

125 3019 249 3086 haberes,
258 3022 281 3074 si
298 3021 407 3092 propius
419 3021 452 3074 ad
466 3023 622 3094 scripturam
638 3022 771 3094 vulgatam
790 3020 906 3091 legeres:
921 3022 966 3069 sibi
985 3019 1124 3078 contrahit,-
1137 3016 1184 3070 sed

126 3115 150 3155 et
159 3104 210 3157 hou
223 3103 321 3158 durum
333 3131 353 3155 ι.
373 3104 415 3160 sic
427 3107 589 3176 Wagnerus.

156 3193 240 3239 &mm
251 3187 419 3240 manit'estum
431 3200 469 3242 est
478 3188 605 3241 mendum
615 3187 733 3251 ;e0dices
744 3205 886 3258 omnesque
895 3198 954 3238 aute
964 3185 1118 3236 Carriouern
1128 3182 1185 3236 edi·

122 3271 205 3322 dones
219 3271 320 3323 habent
332 3274 357 3321 in
371 3290 413 3332 se,
425 3289 505 3342 qnam
518 3272 656 3324 lectionem
666 3275 695 3324 iu
706 3283 803 3324 textum
817 3269 927 3323 restitui.
942 3275 1053 3318 Baoernoe
1064 3268 1121 3318 sine
1134 3265 1184 3317 du-

122 3355 165 3406 bio
177 3368 243 3408 sunt
253 3361 385 3406 Bastarna
396 3355 437 3407 vel
447 3361 588 3414 Bastemoe,
601 3357 674 3408 natio
683 3355 821 3407 Germanis
834 3372 864 3404 ac
876 3351 1001 3405 Sarmatis
1011 3348 1185 3410 contermina,

120 3439 235 3509 quihus,
248 3450 277 3490 ut
287 3439 366 3490 refert
374 3439 495 3501 Tacitus,
504 3439 632 3492 German.
643 3438 749 3503 XLVI,
764 3437 850 3488 mixtis
868 3446 1041 3504 utrorumque
1051 3431 1185 3491 moribus,

121 3523 245 3593 ambigue
258 3521 368 3574 accedit.
380 3521 452 3576 Vide
467 3534 493 3574 et
507 3523 575 3576 Plin.
594 3522 645 3582 IV,
660 3539 692 3572 tn
709 3532 734 3572 et
747 3525 786 3582 tq.
800 3519 985 3569 Basternarum
999 3515 1078 3587 igitur
1090 3531 1187 3566 nomeu

119 3608 232 3676 paulum
244 3605 393 3658 immutarit
401 3605 536 3671 Valerius,
548 3605 625 3657 metri
638 3621 735 3665 causa,
750 3599 972 3672 quemadmodum
987 3617 1080 3670 supra,
1093 3616 1119 3648 v.
1134 3596 1185 3660 50;

122 3688 182 3742 side
199 3701 257 3742 not.
276 3695 318 3757 49.
335 3689 465 3743 Diximus
483 3707 513 3742 ex
531 3687 861 3752 strabone‚vn1‚306‚
882 3683 1065 3734 Basternarum
1083 3691 1187 3750 gentem

121 3771 149 3822 in
158 3771 252 3842 plures
261 3759 374 3844 populos
385 3771 498 3825 divisam
512 3773 591 3826 luisse
603 3811 611 3836 ,
621 3773 764 3832 htmouos,
775 3765 901 3828 Sidonos,
921 3766 1049 3819 Peucinos
1059 3800 1067 3826 ,
1083 3763 1190 3815 Roxola-

121 3872 178 3906 nos.
195 3853 312 3907 Proinde
329 3856 469 3916 Sidonicas,
486 3875 512 3908 v.
531 3857 578 3924 95,
597 3854 683 3925 potuit
701 3851 752 3904 dici
771 3850 813 3903 vel
829 3847 950 3922 proprie,
969 3848 1011 3899 uel
1030 3864 1076 3916 per
1095 3865 1187 3918 synec-

121 3936 229 3992 doelseu
254 3957 303 4010 pro
332 3941 513 3998 Bastarnicas‚·
537 3942 639 3990 Mena
659 3949 721 3991 sunt
743 3954 792 4008 pro
811 3935 947 4002 eqnisibns;
967 3931 1061 3999 hisque
1081 3930 1189 3982 omniuo

123 4021 212 4073 vebis
220 4061 227 4081 ,
230 4025 307 4089 pedes
316 4036 402 4089 aquas
413 4025 536 4080 habenas,
551 4019 635 4092 pinxit
644 4019 767 4073 Valerius
776 4017 941 4070 uelocitatem
951 4013 1057 4064 illorum
1070 4010 1189 4083 peditum

120 4103 279 4172 equitibus,
290 4121 358 4174 quos
376 4103 513 4174 aquabant
528 4121 627 4165 cursu,
642 4104 862 4155 interminorum.
882 4096 971 4148 Livius
989 4095 1026 4146 ait
1046 4095 1079 4146 de
1097 4095 1188 4148 iisdem

124 4189 270 4243 Bastarnis,
290 4205 404 4257 quorum
426 4185 526 4238 auxilio
544 4185 669 4238 adversus
687 4187 820 4238 Romanos
838 4198 901 4232 usus
921 4191 959 4230 est
979 4179 1082 4242 Perses,
1101 4179 1189 4229 Mace·

124 4267 229 4322 donum
252 4288 316 4333 rex,
332 4269 431 4331 XLIV,
450 4271 499 4320 sii:
523 4271 655 4321 vestiebant
672 4272 754 4320 decern
774 4265 849 4316 millia
869 4265 993 4328 equitnm,
1012 4279 1060 4332 par
1078 4275 1190 4312 nrasnerns
