3220 5128
393 529 455 596 362
774 531 1074 598 CATALOGUS

390 676 520 718 uersum
538 653 580 718 ab
602 653 806 742 expedin'oue
827 655 993 737 Colehim,
1009 656 1124 720 urbem
1144 657 1205 720 sibi
1226 659 1458 745 oognonrinern

390 758 593 841 condidisse3
610 759 701 848 quod
721 761 889 826 Strabonis
909 762 1129 826 testimonium
1146 762 1255 828 tenda
1271 765 1368 828 etiem
1388 765 1457 830 Eu·

390 865 488 930 steth.
500 864 540 930 ad
555 865 702 954 Dionysii
716 865 909 956 Periegesin,
923 889 970 932 vs.
980 867 1055 948 806,
1069 883 1107 932 ut
1117 867 1372 956 Seherpenreelii
1381 869 1456 934 dili-

390 971 497 1060 gentir
507 969 742 1036 animadvertit.
754 973 963 1038 Camirlmnus
974 995 1051 1038 vero
1065 995 1104 1038 ex
1116 973 1294 1040 Seholimte
1305 977 1454 1064 Apollon.

389 1077 423 1158 l,
440 1077 700 1158 1346,observet
717 1077 808 1142 huno
829 1078 920 1144 Crirm
937 1077 1055 1144 ducein
1073 1079 1274 1146 Milesiorum
1290 1082 1409 1164 suisse3
1422 1099 1455 1147 et

351 1169 356 1184 ⁸
389 1182 476 1248 idem
488 1183 682 1250 Scholiasta
690 1183 731 1248 ad
739 1183 796 1250 lib.
805 1185 837 1266 l,
850 1182 950 1272 1175,
960 1185 1075 1252 urbem
1087 1185 1172 1252 lianc
1182 1187 1343 1252 coloniam
1355 1187 1455 1252 fluisse

389 1288 591 1354 llilesiorum
613 1288 697 1354 duoe
723 1287 779 1354 Cio
800 1305 926 1372 narrat,
941 1289 1033 1370 eujus
1052 1291 1200 1356 meminit
1216 1291 1341 1380 Scylax.
1357 1292 1454 1358 Plura

389 1391 431 1460 de
446 1394 509 1460 hoc
524 1417 589 1458 non
606 1394 782 1460 observavi.
902 1413 914 1430 ·

432 1639 647 1704 CLIMENUS
665 1641 731 1704 sive
747 1641 987 1708 CLYMENUS.
1008 1643 1074 1708 Soli
1094 1643 1223 1706 Valerio
1240 1643 1357 1708 Flacco
1371 1645 1455 1708 cele-

391 1744 518 1828 bratus,
536 1746 592 1810 lib.
614 1747 647 1828 l,
662 1745 737 1834 369.
748 1747 864 1836 Neque
888 1749 966 1812 certi
989 1749 1043 1812 hic
1065 1747 1186 1837 aliquid
1209 1748 1353 1837 reperio,
1368 1750 1457 1814 unde

388 1848 515 1914 ellicere
537 1851 646 1932 liceat,
664 1854 737 1941 quis
758 1853 811 1917 ille
831 1853 940 1918 luerit.
963 1853 1066 1918 Vocat
1091 1853 1189 1917 Poeta
1216 1876 1292 1917 eum
1321 1855 1455 1919 fratrem

389 1955 518 2042 lplu'cli,
534 1956 625 2044 quod
642 1958 830 2023 incertiores
845 1981 905 2023 nos
916 1959 1008 2042 facit,
1020 1983 1121 2048 quum
1137 1957 1205 2024 duo
1215 1957 1457 2047 lphe'clifuerint

388 2061 474 2124 inter
487 2065 708 2152 Argonautas,
721 2067 834 2129 sivero
849 2065 1045 2154 intelligatur
1057 2065 1194 2154 ΙρΙιίεὶιιε
1207 2065 1330 2129 'l'lrestii
1350 2065 1455 2148 lilius,

387 2167 439 2230 ille
456 2171 553 2232 fmter
564 2169 709 2250 Althaeae,
723 2171 899 2259 Clymenus
910 2193 987 2234 vero
1003 2170 1098 2236 Penei
1116 2168 1209 2234 filius.
1221 2171 1262 2234 Et
1279 2171 1321 2234 im
1340 2171 1455 2237 fuisset

387 2271 528 2361 lphiclus
544 2275 690 2364 Clymeni
705 2277 901 2358 avunculus,
915 2277 941 2339 si
953 2300 992 2340 ex
1004 2276 1126 2340 Althaea
1140 2291 1234 2340 natus
1250 2275 1313 2340 suit
1327 2277 1456 2366 Clyme-

387 2401 464 2461 nus,
476 2379 552 2468 quia
571 2397 603 2446 et
623 2381 745 2446 Althaea
759 2382 822 2448 fuit
835 2381 897 2447 filia
905 2381 1130 2463 Thestii;vide
1141 2379 1328 2470 Apollodor.
1346 2381 1404 2447 lib.
1422 2385 1456 2466 l,

388 2507 456 2573 cap.
476 2483 585 2574 8,qui
605 2503 637 2550 et
655 2487 710 2551 lib.
726 2489 774 2566 ll,
791 2511 861 2576 cap.
879 2491 943 2570 Μ
963 2503 1125 2569 11,voeet
1141 2485 1326 2576 Minyarum
1345 2510 1453 2579 regem

388 2589 590 2677 Clymenum,
607 2617 704 2683 quem
722 2595 832 2684 auriga
849 2593 987 2658 Menoeei
1005 2593 1148 2657 Perieres
1168 2591 1281 2682 lapidis
1298 2593 1367 2658 ictu
1383 2595 1453 2658 vul-

389 2697 528 2779 nernrit3
541 2717 665 2786 patrem
685 2699 781 2763 etiam
801 2698 912 2787 Ergini
931 2699 1029 2762 luisse
1046 2695 1149 2780 addit,
1163 2713 1240 2762 sunt
1257 2714 1382 2780 tamen,
1396 2699 1452 2788 qui

386 2804 418 2866 in
439 2803 554 2867 Valerii
577 2805 650 2869 loeo
672 2807 799 2896 legant,
824 2803 961 2892 Clytimn
985 2821 1017 2868 et
1039 2803 1193 2894 lubitum,
1210 2803 1251 2866 de
1271 2803 1393 2891 quibus
1419 2805 1451 2867 in

386 2909 445 2973 illis
476 2913 671 2998 Argonautis
698 2911 849 2975 vidimus.
882 2908 981 2973 Addit
1008 2907 1243 2997 Apollodorus,
1269 2907 1452 2994 Clymenum

384 3015 604 3097 vulneratum,
617 3017 715 3080 fuisse
732 3031 896 3104 portatum
909 3015 942 3077 in
955 3013 1070 3078 urbem
1087 3013 1315 3078 Orchomenon
1328 3037 1336 3078 :
1349 3021 1453 3102 quare

385 3123 468 3184 forte
484 3121 569 3184 idem
589 3144 658 3186 esse
675 3121 799 3210 potuit,
815 3120 871 3208 qui
890 3117 975 3183 filius
992 3119 1191 3183 Orchomeni
1208 3117 1360 3184 dicituro
1377 3121 1450 3185 Ste-

386 3226 495 3313 phano
513 3228 547 3290 in
565 3229 716 3301 leuterius,
727 3228 820 3308 cujus
836 3243 900 3290 tres
920 3239 1012 3288 erant
1028 3223 1102 3305 lilii,

505 3415 665 3487 letln'lue,
681 3423 804 3492 Ιλὺμινός
815 3441 860 3486 rs,
870 3421 913 3476 set
924 3413 1063 3491 imitere
1075 3415 1193 3480 imiter.

385 3643 456 3706 vid.
470 3643 616 3707 Eustetli.
628 3641 669 3706 ed
682 3643 814 3706 Homer.
828 3639 916 3704 llied.
930 3639 977 3718 ll,
990 3637 1062 3703 511.
1074 3635 1451 3722 ScholiastesveroApol·

299 3773 307 3786 ·
385 3751 451 3813 lon.
466 3748 520 3812 lib.
536 3749 567 3829 l,
583 3747 653 3829 185,
663 3747 756 3829 dicit,
766 3762 891 3834 patrem
905 3744 1014 3833 Ergini
1026 3741 1224 3828 Clymenum,
1234 3741 1334 3804 luisse
1347 3738 1449 3804 lilium

386 3855 574 3936 Presbonis,
593 3871 625 3917 et
648 3853 780 3942 Buziges
807 3851 878 3914 lilim
900 3850 987 3938 Lyci.
1012 3849 1157 3913 Presbon
1175 3869 1250 3910 vero
1277 3846 1341 3909 luit
1364 3844 1449 3909 filius

384 3961 503 4051 Minyoe
527 3979 560 4026 et
587 3958 882 4048 Clytodorae‚teste
907 3955 1020 4021 eodem
1044 3953 1220 4018 Scholiaste
1243 3950 1284 4014 nd
1300 3973 1348 4016 vs.
1375 3951 1448 4015 230.

384 4073 508 4134 Auctor
516 4089 592 4132 vero
607 4067 713 4155 Etym.
733 4064 779 4129 Μ.
797 4063 875 4128 dicit
891 4062 1087 4126 Presbonem
1104 4059 1203 4124 fuisse
1219 4073 1344 4146 patrem
1357 4057 1447 4144 Sple-

383 4175 495 4255 donis,
507 4175 574 4239 sive
588 4169 795 4260 Aspledonis,
810 4191 942 4234 uxorem
960 4167 988 4230 ei
1006 4165 1106 4230 luisse
1117 4163 1274 4252 Steropen
1286 4187 1296 4244 ς
1310 4161 1368 4226 sed
1381 4163 1447 4228 Ste-

384 4279 528 4364 phanum
543 4276 733 4365 Aspledonis
751 4292 785 4342 et
803 4273 898 4340 simul
915 4271 1062 4361 Clymeni
1079 4285 1203 4359 patrem
1214 4268 1445 4334 Amhomenon
