3192 5138
342 489 405 556 238
485 488 570 554 PlO
601 483 864 564 AUCTORE,
888 478 1268 549 SUPPLEMENTA

385 621 560 703 Caelicolis,
582 619 665 700 juvit
682 618 802 708 pariter
817 617 877 682 tibi
895 617 1018 681 lumina
1040 617 1123 682 ferre

383 737 560 812 Pronuba,
581 750 615 800 et
634 733 784 798 ardentes
800 729 842 796 ad
858 745 972 795 mutua
989 729 1108 796 beders
1124 728 1232 794 tedas.

383 851 508 914 Verum
528 870 601 936 age,
619 846 710 927 diva,
728 845 808 910 meis
822 843 942 910 adhibe
958 845 1142 910 narratibus
1155 865 1265 909 aures:

385 963 511 1052 Elysios
530 977 607 1026 tuus
627 962 663 1025 in
686 981 819 1049 campos
832 959 1015 1049 penetrabit
1027 959 1184 1042 Achilles,

386 1077 454 1162 Qui
477 1099 565 1142 nunc
588 1076 739 1142 Chironis
759 1075 879 1141 dociles
902 1074 957 1140 dat
982 1076 1130 1142 cantibus
1145 1097 1258 1157 aures,
1371 1093 1411 1140 ³⁴⁵

383 1189 588 1279 Naiadesque
609 1189 723 1255 fovent
747 1187 848 1254 divini
875 1189 965 1255 lactis
984 1191 1165 1255 alumnum.

384 1307 482 1372 Hunc
503 1305 618 1371 Medea
637 1307 744 1370 virum
763 1305 950 1370 melioribus
965 1327 1062 1370 aurea
1078 1305 1165 1388 fatis,

384 1423 432 1486 ‘l’e
452 1423 565 1486 sortita
580 1443 722 1504 nurum,
742 1423 907 1510 praestanti
926 1422 1017 1510 prole
1031 1421 1165 1486 tenebit.

386 1539 496 1621 Quare
512 1553 549 1602 tu
568 1559 680 1600 socrus
701 1537 801 1601 nunti
820 1535 971 1602 auxiliare
987 1536 1115 1600 futurae.

384 1652 476 1737 Quid
489 1669 545 1717 tua
560 1669 626 1717 tarn
641 1667 769 1716 nostros
783 1651 926 1741 Minyas,
945 1674 1046 1742 rogo,
1066 1652 1212 1717 concutit
1228 1651 1302 1716 ira?
1370 1668 1410 1708 ³⁵0

385 1770 454 1833 Hcs
476 1769 623 1855 Neptuni
643 1767 754 1856 ignes,
779 1766 842 1832 hos
864 1767 980 1832 AEolus
1000 1791 1074 1832 aere
1096 1783 1205 1857 septus

384 1883 557 1970 Navibago
578 1878 668 1945 haud
687 1879 794 1946 reditu
815 1881 1006 1970 prohibent,
1030 1881 1198 1970 rabiesque
1215 1879 1407 1970 Charybdis.

384 2000 436 2064 Ira
457 2014 514 2062 tua
530 1994 690 2060 offendit:
719 2013 756 2060 tu
775 1997 859 2060 lenia
881 1995 1010 2062 llamina
1028 1999 1116 2079 laxa,

383 2114 425 2177 Et
446 2133 617 2200 compesce
637 2111 785 2192 animos,
812 2111 917 2177 donec
933 2113 1076 2176 Phaeacia
1095 2135 1193 2202 regna

383 2228 573 2316 Attigerint3
587 2227 707 2291 tuscia
723 2243 817 2315 potes
835 2227 933 2292 maria
947 2227 1010 2291 alta
1028 2243 1160 2316 repente
1371 2244 1410 2284 ³⁵⁵

381 2345 548 2423 Sternere,
564 2357 598 2406 et
614 2342 735 2406 auxilio
754 2341 872 2407 virides
895 2343 1024 2406 concire
1041 2363 1179 2406 sorores.

382 2460 432 2524 Ne
452 2458 522 2522 sine
540 2456 719 2544 precipites
736 2455 881 2520 rabidam
897 2471 1065 2545 penetrare
1080 2453 1297 2545 Charybdim,

383 2575 434 2638 Ne
448 2587 541 2637 voret
558 2571 740 2660 ingressos,
766 2569 868 2634 aridis
885 2592 945 2634 nec
962 2570 1058 2635 trude
1080 2571 1209 2636 latebris

382 2688 536 2754 Ausoniae
548 2687 682 2776 Scyllae,
702 2687 815 2777 genuit
830 2709 927 2774 quam
945 2686 1114 2777 Phorcyn,
1141 2705 1173 2752 et
1186 2705 1253 2754 atra

382 2803 486 2868 Nocte
503 2825 623 2893 vagans
640 2802 778 2884 Hecate,
794 2825 892 2889 quam
910 2801 1025 2866 dicunt
1041 2825 1110 2895 esse
1126 2805 1273 2871 Crataein.
1371 2825 1410 2866 rso

380 2920 433 2983 ‘l’u
455 2935 583 2982 nostros
604 2915 744 2983 defende
760 2916 880 3000 duces,
901 2933 939 2982 tu
960 2920 1143 2982 comminus
1167 2922 1253 3010 Argo

382 3033 538 3121 Protegc,
558 3031 631 3096 dira
654 3033 773 3097 maris:
788 3033 974 3097 cursus‘via
991 3055 1087 3121 parva
1109 3035 1218 3099 futura
1235 3052 1284 3100 est
1295 3027 1317 3100 i.

380 3149 432 3214 Sic
450 3147 516 3211 ait:
536 3146 587 3210 his
604 3163 717 3212 autern
731 3148 843 3211 Thetis
857 3164 906 3212 est
923 3149 1128 3214 sermonibus
1149 3171 1223 3214 usa:

425 3292 438 3318 ι
451 3261 484 3325 Si
500 3259 604 3348 rapidi
621 3261 795 3325 vehemens
808 3261 891 3350 ignis
910 3261 1002 3326 cadet
1017 3263 1172 3352 impetus,
1189 3265 1289 3330 audet

380 3376 474 3441 Mens
490 3397 562 3439 mea
574 3375 640 3455 jam
655 3374 778 3440 reditus
798 3376 923 3442 facilem
945 3376 1105 3466 spondere
1124 3381 1278 3464 salutem,
1369 3401 1409 3440 sos

375 3490 520 3555 l‘latibus
539 3488 683 3554 occiduis
704 3490 862 3579 Zephyri,
887 3492 943 3579 qui
959 3511 1047 3558 rasta
1066 3516 1197 3559 movere

379 3604 524 3692 AEquora
546 3603 644 3668 molle
666 3605 767 3686 solet,
792 3605 935 3693 velisque
953 3607 1087 3694 inspirat
1109 3611 1238 3698 apertis.

381 3720 479 3784 Nunc
495 3733 603 3782 tamen
628 3741 794 3806 aequoreas
816 3735 946 3807 praestat
963 3720 1074 3784 risisse
1090 3745 1229 3790 sorores.

380 3834 493 3923 Longa
510 3833 561 3897 vin
578 3849 648 3916 est;
671 3849 727 3917 tu,
746 3836 852 3917 luno,
874 3837 979 3919 viros,
1001 3853 1058 3919 tu,
1080 3840 1184 3922 luno,
1211 3843 1403 3931 magistrum

377 3947 475 4012 Mane
490 3947 570 4027 jube
588 3945 714 4012 findant
725 3971 813 4012 sacra
830 3949 909 4014 vada
927 3952 1041 4015 caerula
1055 3955 1187 4042 puppi·.
1370 3978 1408 4028 37⁰

421 4061 529 4142 Dixit,
545 4077 578 4126 et
594 4062 733 4126 aetheriis
749 4064 893 4153 nymphe
910 4065 1071 4131 delabitur
1086 4069 1168 4151 oris,

378 4175 535 4239 Caerulcas
553 4176 697 4264 ingressa
709 4176 792 4257 vias,
816 4179 974 4266 pontique
993 4178 1130 4246 lacunas.
