3192 5138
408 523 534 589 NOVl
567 524 817 589 EDlTORlS
849 522 1008 587 NOTAE.
1177 519 1239 582 213
1293 557 1297 582 t

209 645 244 698 v.
256 645 356 715 7s-7s.
371 649 403 695 rs
416 664 526 712 quque,
543 646 659 710 rum
676 645 776 712 „cest
789 645 910 714 fieres„
926 658 1021 702 etse,
1043 654 1092 696 uc.
1145 641 1243 693 conse

174 733 229 786 hec
247 731 346 787 Medeae
361 731 396 786 ad
414 731 557 814 &aeonem
576 733 672 796 verba,
690 750 750 786 cum
771 731 890 784 oratione
911 732 1001 786 Somni
1018 731 1052 783 ad
1071 730 1241 796 Palinurum,
1337 799 1340 805 ι

174 817 235 872 AEn.
246 819 283 882 V,
294 818 365 882 8de
699 892 701 900 Ι

318 932 624 947 ....................
637 899 706 960 datur
718 899 775 946 bora
787 899 875 960 quieti:

314 977 378 1022 Pone
387 985 472 1036 capnt,
488 974 608 1036 fessosque
618 975 700 1021 oculos
712 973 791 1021 furare
802 975 877 1021 labori
888 992 893 1020 :

312 1049 366 1110 lpse
376 1063 422 1110 ego
433 1049 551 1110 paulisper
561 1064 606 1110 pro
618 1059 641 1095 te
652 1059 692 1094 tna
705 1063 805 1094 munera
817 1049 890 1094 inibo.

210 1174 246 1226 V.
259 1173 303 1225 81.
319 1209 449 1226 ........
467 1193 499 1223 ac
505 1174 582 1240 primi
585 1189 713 1240 percussus
727 1175 789 1223 sete
801 1175 894 1238 soporis

299 1259 413 1317 Horruit,
422 1272 446 1307 et
458 1259 540 1308 dulces
550 1260 698 1307 excurritur
709 1259 797 1308 arbore
809 1275 914 1306 soranos.

180 1391 192 1413 ι
201 1365 273 1420 Nihil
285 1365 330 1420 bie
343 1366 517 1430 mutandum,
532 1365 620 1436 inquit
630 1365 793 1436 Wagnerus.
809 1369 902 1416 Nubere
915 1365 1016 1432 soporis,
1027 1373 1121 1434 preter
1130 1361 1242 1417 Statium

174 1449 261 1502 theb.
270 1449 307 1512 X,
319 1449 380 1514 285,
390 1448 517 1502 etAchill.
526 1449 550 1511 1,
564 1447 626 1512 2⁵0,
636 1466 652 1500 a
663 1453 816 1500 Bnrmnnno
829 1445 975 1512 laudatum,
985 1446 1066 1500 babet
1074 1445 1154 1499 etiam
1166 1447 1244 1499 Cleu-

176 1533 282 1600 dianns‚
292 1531 326 1586 de
335 1545 413 1605 raptu
423 1527 546 1604 Proser'p.
556 1533 577 1594 Ι,
592 1534 672 1595 81,et
683 1531 717 1586 de
729 1530 809 1585 laude
817 1529 919 1586 Stilich.
930 1532 954 1596 1,
966 1529 1027 1598 309,
1035 1530 1081 1583 ubi
1091 1528 1223 1582 Gesnerus
1235 1547 1241 1580 :

176 1615 356 1687 «ldetapboroe
367 1615 431 1669 huic
440 1628 465 1668 et
474 1614 616 1688 phantasim
634 1626 773 1688 poetarum
787 1615 951 1668 occasionem
970 1613 1043 1668 dedit
1057 1615 1181 1686 magistra
1198 1632 1244 1666 na·

175 1711 244 1754 turs.
265 1699 420 1754 Turbantnr
439 1711 465 1752 et
483 1700 554 1752 velut
574 1698 645 1752 nube
663 1697 780 1771 quadam
804 1700 980 1752 obscurantur
1003 1697 1244 1751 domniturientium

174 1783 275 1836 oculi».
299 1784 354 1837 Nec
364 1804 505 1853 percursus,
521 1781 647 1837 suadente
661 1783 783 1845 Heinsio,
795 1783 822 1835 in
833 1786 960 1852 perfines,
977 1781 1019 1836 rel
1028 1801 1089 1834 cum
1099 1781 1248 1837 Wakefiel-

176 1864 239 1932 din,
253 1867 377 1922 Deleetus
398 1867 505 1940 tragmd.
518 1887 544 1939 p.
560 1869 622 1937 371,
640 1867 667 1919 in
686 1871 811 1934 perculsus
832 1879 936 1929 mutes;
951 1879 988 1919 est
1006 1869 1091 1933 enim,
1115 1866 1187 1940 quod
1203 1885 1245 1918 nse

176 1947 266 2003 docuit
288 1951 327 2003 ill.
340 1951 458 2022 Heynius
480 1949 514 2004 ad
534 1950 631 2005 Tibull.
652 1951 676 2015 1,
695 1970 720 2016 s,
737 1951 763 2015 3,
785 1969 816 2002 ex
833 1949 954 2022 Orpheo,
967 1953 1067 2022 Argon.
1083 1951 1116 2004 36
1136 1963 1162 2004 et
1177 1952 1243 2014 ⁵40:

176 2037 282 2104 γλυκιρῷ
298 2031 458 2102 βιΰολημίνος
469 2033 548 2103 ὕπνῳ.
561 2062 596 2071 -
605 2035 639 2082 Et
652 2033 734 2081 dulces
748 2033 854 2080 excussit
866 2035 898 2082 ab
910 2035 997 2082 ardore
1010 2051 1117 2084 somnos.
1132 2031 1246 2086 Facilius

176 2125 244 2167 esset
262 2135 379 2182 corpore,
398 2113 439 2167 rel
452 2129 566 2182 pectore,
577 2111 651 2185 qnod
671 2111 754 2166 voluit
774 2112 915 2176 Heinsius,
928 2113 974 2166 sed
994 2114 1131 2186 vulgatum
1150 2119 1246 2168 terreri

176 2208 277 2267 potest,
287 2197 309 2250 si
320 2197 355 2252 ite
368 2215 498 2268 expones:
512 2214 635 2248 somnum
650 2197 822 2249 incessentem
838 2196 872 2247 ab
886 2196 969 2249 oculis
983 2195 1127 2250 defendere
1138 2209 1247 2250 conatus

177 2293 217 2335 est
227 2300 275 2349 eo,
287 2292 317 2334 ut
329 2299 426 2352 corpus
438 2291 569 2346 moveret,
581 2291 607 2333 et
621 2281 655 2333 eb
669 2280 763 2332 arbore
776 2279 802 2330 in
817 2292 913 2334 terram
925 2298 1056 2352 serperet,
1067 2301 1127 2354 quse
1137 2282 1248 2354 explice-

177 2365 216 2418 tio
225 2363 355 2434 firmsttur,
366 2382 390 2417 v.
405 2364 439 2433 93
450 2365 554 2434 (lumi)
573 2374 599 2417 et
613 2381 673 2426 rto,
687 2362 734 2414 ubi
743 2361 885 2416 maceriem
897 2364 971 2416 humi
979 2367 1111 2436 jacentem
1121 2364 1247 2419 scandere

176 2450 300 2504 iasonem
313 2449 386 2522 jubet
397 2447 499 2502 Medea.
514 2473 524 2494 ·

212 2533 404 2587 Probibebstur
423 2533 537 2588 somnm
560 2531 594 2584 ab
620 2531 694 2585 editu
717 2535 825 2592 oborn,
849 2533 890 2584 vel
912 2534 999 2602 petius
1023 2537 1137 2585 draconis
1159 2535 1246 2586 arbori

177 2617 342 2690 advigilantis
355 2637 362 2672 :
374 2617 420 2670 sed
434 2617 507 2690 prior
523 2614 622 2669 locutio
641 2614 722 2685 magis
736 2616 841 2686 poetica
854 2628 907 2681 ειη
927 2616 1009 2688 idque
1028 2617 1107 2672 debet
1123 2619 1247 2672 Valerius

177 2703 287 2756 Heinsio
297 2701 406 2775 frigidos
415 2700 613 2756 emendationes
622 2698 781 2770 opponenti,
798 2711 827 2752 ut
839 2700 936 2771 gratior
950 2701 1004 2772 ipse
1016 2701 1144 2755 videatur.
1153 2703 1248 2755 Nescio
1335 2773 1338 2780 Ι

177 2805 211 2839 an
219 2785 292 2840 hunc
300 2785 405 2858 Virgilii
415 2785 504 2839 locum
513 2781 671 2856 respexerit,
682 2783 742 2834 AEn.
754 2780 805 2844 Vl,
817 2784 867 2837 283
878 2801 884 2834 :

249 2887 252 2894 .
315 2897 398 2943 Ulmus
409 2910 496 2958 opem,
509 2896 606 2958 ingens,
622 2911 692 2956 qnam
702 2897 780 2944 sedem
791 2896 886 2942 Somnia
897 2895 967 2956 vulgo

316 2971 383 3017 Vana
392 2979 472 3017 tenere
482 2969 574 3024 ferunt,
587 2969 696 3032 foliisque
705 2973 749 3018 sub
757 2970 867 3018 omnibns
877 2971 972 3016 linrent.

178 3074 246 3128 ltsrbi
255 3087 326 3130 certe
334 3075 426 3130 videor
437 3073 526 3129 videre
536 3075 669 3128 somnust
680 3074 774 3128 Medea
784 3076 929 3141 immissos,
939 3076 1040 3130 arboris
1052 3075 1191 3133 frondibus
1198 3077 1248 3130 bae-

179 3170 280 3222 rentes,
291 3177 357 3232 quos
368 3157 431 3231 vigil
445 3170 568 3212 excutere
578 3169 663 3211 tentat
673 3157 769 3224 draco,
782 3177 815 3211 ne
823 3159 857 3210 ub
868 3159 962 3212 arbore
974 3158 1008 3212 ad
1023 3178 1051 3211 se
1063 3159 1200 3232 obrepant.

215 3291 250 3343 V.
262 3291 304 3355 84.
318 3296 459 3360 Cunctaque
468 3294 560 3342 bellini
572 3311 690 3359 quassare
698 3296 795 3344 silentia
805 3297 870 3342 remi

322 3381 426 3428 Perstat.
492 3409 505 3418 -

181 3477 239 3530 ιΕῑ
253 3478 322 3544 brec,
335 3477 371 3530 uit
385 3477 554 3549 wesenerus,
572 3496 626 3531 non
644 3497 695 3530 une
711 3478 870 3532 obscuritate
883 3479 1010 3532 laborent.
1029 3482 1122 3529 Crtueta
1135 3482 1246 3538 silentia,

180 3561 243 3620 ntis
256 3560 380 3614 rudacter
394 3579 444 3633 pro
461 3561 535 3614 omni
549 3561 633 3615 noctis
647 3561 771 3626 horrore,
784 3561 858 3614 omni
872 3564 898 3613 vi
916 3563 1058 3633 soporifero
1076 3579 1135 3634 quse
1149 3566 1246 3614 Lethoeo

180 3665 251 3698 ramo
264 3645 350 3709 inest;
369 3645 442 3698 hunc
446 3649 558 3715 juniperi
567 3645 648 3700 fuisse
659 3645 741 3699 tradit
751 3645 874 3718 Apellen.
889 3647 939 3710 IV,
957 3651 1017 3710 156,
1031 3648 1075 3700 cui
1088 3649 1178 3702 arbori
1188 3668 1246 3720 gra-

179 3747 255 3796 vem,
270 3729 288 3782 i.
308 3749 330 3783 e.
348 3729 519 3783 somniferam
537 3729 591 3782 rim
608 3730 700 3784 tribuit
714 3729 794 3782 etism
803 3731 896 3801 Virgil.
911 3731 964 3784 Fcl.
980 3731 1017 3796 X,
1030 3735 1074 3802 76.
1086 3734 1246 3786 —Ornniuo

180 3810 245 3865 dum
256 3811 314 3867 bate
330 3813 454 3866 scriberet
468 3825 560 3885 poete,
570 3813 606 3865 ob
617 3815 709 3867 oculos
721 3813 914 3885 habuitVirgil.
927 3817 987 3868 AEn.
998 3816 1034 3876 V,
1044 3816 1172 3880 est-856:

319 3923 378 3970 Ecce
393 3923 449 3970 dens
461 3939 550 3970 remum
563 3923 656 3970 lemno
665 3937 719 3970 rore
730 3924 873 3992 madentem..

318 3998 395 4060 qune
406 4008 542 4061 soporatum
554 3999 643 4061 Stygia,
655 4015 726 4060 super
735 4009 835 4060 utruque
844 4009 939 4060 quassat

319 4075 434 4135 Tempore
442 4093 448 4129 ς
456 4073 623 4135 cunctantique
633 4075 735 4121 natantia
747 4075 835 4121 lumina
847 4074 923 4120 solvit.

182 4173 299 4227 Venustn
314 4173 372 4226 lunc
390 4175 477 4227 omnis
495 4185 520 4226 et
534 4173 688 4245 perspicua,
702 4193 782 4246 quer,
794 4174 859 4228 durn
869 4173 1006 4246 pulchrius
1017 4191 1090 4226 more
1102 4174 1182 4227 etatis
1193 4195 1244 4228 sure

181 4257 276 4313 efferre
284 4257 376 4323 vellet,
388 4257 538 4312 obscuravit
547 4257 679 4310 Valerius.
687 4282 699 4300 n
