3124 5132
338 467 741 532 ARGONAUTICON
770 469 855 532 uus.
881 439 973 533 vt*
1067 551 1070 561 Δ
1135 470 1176 536 ss

152 606 283 690 lamque
295 599 382 664 videt
392 601 532 688 primam
543 615 658 664 tenero
671 599 712 662 de
725 600 842 664 vertice
853 597 1022 681 frondem,

154 720 263 800 Quum
277 713 385 778 subito
396 713 548 780 immissis
559 735 701 802 preceps
713 712 877 800 aquilonia
889 713 1009 780 nimbis
1138 741 1177 791 με

151 829 248 894 Venit
259 828 381 906 hiems,
393 849 576 918 magnaque
591 828 733 894 evulsam
750 825 853 896 tendit
865 851 980 911 arene,

152 944 246 1012 Haud
256 965 348 1010 secus
359 960 435 1008 ente
447 942 565 1008 urbem
576 941 722 1032 Myraces
734 959 833 1030 atque
843 943 944 1031 ipsius
956 957 1030 1008 ante

154 1059 292 1148 Virginis
302 1080 359 1124 ora
369 1056 472 1138 cadit;
484 1056 542 1124 setl
553 1080 619 1122 nnn
633 1059 734 1146 magis
746 1057 799 1124 illa
809 1073 968 1140 movetur,

152 1173 255 1236 Unius
265 1195 349 1260 aegra
360 1188 469 1254 metu,
482 1194 580 1262 quam
594 1186 643 1253 te,
658 1172 834 1261 Meleagre,
845 1171 1029 1254 furentem,

153 1287 259 1368 Quam
270 1285 407 1352 Talaum
420 1284 528 1366 videt,
540 1301 596 1356 aut
607 1309 733 1376 pugnas
748 1289 884 1352 mirante
895 1289 1002 1354 Aoesti

151 1401 214 1485 (At
224 1400 299 1464 satis
310 1399 371 1464 hos
382 1400 460 1490 ipsae
470 1415 583 1490 gentes
596 1401 767 1488 campique
781 1399 956 1488 videbant)

151 1518 354 1603 Tempestate
364 1515 434 1604 pari
445 1515 544 1580 versis
556 1515 746 1608 incumbere
758 1517 883 1582 turmis.

154 1635 236 1696 Ante
248 1631 361 1696 oeulos
375 1630 453 1722 fuga
466 1629 549 1696 feda
562 1630 703 1714 ducum,
715 1632 888 1722 largusque
900 1630 1071 1710 cadentum

151 1747 180 1810 lt
191 1769 307 1826 cruor,
321 1760 353 1810 et
367 1767 482 1810 currus
494 1744 635 1810 dominis
645 1745 834 1835 ingentibus
844 1746 926 1812 orbi.

194 1861 268 1924 Non
285 1860 361 1924 tulit
376 1859 436 1926 hos
449 1860 561 1924 Perses
573 1860 730 1949 gemitus,
744 1860 933 1949 clademque
945 1883 1081 1926 suorum
1142 1855 1179 1931 53⁵

152 1976 318 2064 Tergaque
329 1996 421 2038 versa
432 1990 545 2056 tuens,
557 1973 608 2040 his
620 1974 916 2061 caelumquestibus
928 1974 1057 2062 implet:

154 2088 263 2170 ·Quid
275 2111 328 2152 me
337 2088 403 2169 jam
417 2088 528 2176 patriis
540 2088 679 2170 ejectum
691 2087 926 2170 sedibus,istas
1144 2075 1148 2082 ’

154 2203 195 2267 Ut
204 2221 365 2268 struerem
378 2225 521 2292 pugnas,
533 2202 763 2292 Scythiamque
773 2205 809 2266 in
820 2202 903 2268 bella
914 2224 1093 2286 moverem,

153 2318 216 2382 Vos
229 2319 356 2406 superi,
371 2339 430 2382 vos
443 2318 580 2407 augurio
592 2317 711 2382 lusistis
723 2317 833 2382 inani?

156 2429 241 2512 Quid
260 2431 367 2495 fratr-is
385 2430 515 2494 meritas
526 2431 754 2520 tua,Jupiter,
766 2431 875 2496 emina
886 2452 995 2519 peenas
1140 2445 1177 2496 7³¹»

141 2637 189 2689 7¹⁴-
198 2632 255 2677 lam
268 2630 349 2692 qutilet
362 2643 408 2691 pra
415 2629 517 2692 jamque
527 2630 599 2676 uidet.
607 2629 683 2676 Valle.
696 2629 751 2676 eod.
763 2632 825 2678 Nam
838 2629 937 2692 quidet.
951 2631 1042 2675 Bonan
1057 2629 1111 2674 ead.
1122 2633 1177 2676 lam

117 2711 151 2769 qu'
159 2709 202 2755 det.
217 2711 310 2756 Bonam
327 2711 347 2755 1.
361 2711 417 2754 lam
428 2725 481 2771 quae
491 2708 536 2754 det.
549 2709 638 2754 Boron.
651 2709 690 2762 11,
709 2717 735 2754 et
745 2707 796 2754 alin
807 2723 881 2769 usque
892 2708 923 2755 ad
935 2707 1000 2754 Cas-r.
1016 2708 1070 2753 lam
1081 2707 1147 2756 uidet
1156 2722 1178 2754 et

115 2790 210 2846 punam.
222 2789 289 2835 Gerr.
300 2787 354 2833 eod.
364 2796 388 2833 et
399 2786 438 2834 ed.
446 2788 465 2833 l.
475 2813 505 2823 —
516 2785 568 2846 716.
580 2788 702 2850 Nigmque.
712 2787 828 2833 Vateotl.
839 2788 904 2832 lunt.
914 2788 999 2832 Maser.
1011 2787 1065 2832 illd.
1076 2788 1175 2849 Engeut.

118 2868 199 2928 sipont.
212 2867 332 2915 amau.
351 2870 441 2916 Bonan.
455 2867 465 2913 l
481 2876 513 2930 et,
523 2869 553 2914 ll.
569 2870 635 2914 lunt.
652 2870 737 2914 Maser.
747 2866 801 2915 ald.
811 2867 912 2928 Rugum.
928 2893 959 2902 -
981 2867 1033 2928 7²³·
1044 2872 1106 2932 Fuga
1112 2869 1176 2930 sera.

118 2948 183 2994 vase.
195 2948 251 2994 eod.
265 2951 330 3009 Fuga
343 2957 412 2993 uma.
431 2947 497 2994 carr.
513 2946 567 2992 eud.
585 2973 616 2982 -—
632 2962 685 3010 729.
695 2949 799 2993 turicas.
816 2946 854 2993 Sic
865 2946 944 2993 lleins.
954 2962 984 2994 ex
995 2950 1178 3009 conpluuium

117 3027 183 3074 Coeli.
192 3037 216 3074 et
225 3026 282 3073 edd.
291 3036 347 3073 ante
355 3028 434 3074 surm.
443 3051 475 3062 -
486 3027 538 3086 730.
549 3025 611 3087 Quid
611 3027 697 3088 fratris
704 3029 769 3072 aaut
774 3026 835 3073 add.
847 3036 902 3074 ante
913 3027 977 3073 Cart.
992 3030 1059 3082 Tum,
1075 3029 1180 3092 Juppiter

115 3106 277 3152 autumatio.
288 3105 343 3152 eud.
355 3107 455 3168 lingent.
470 3107 531 3152 Tune
546 3107 570 3151 Ι.
588 3107 669 3152 omine.
686 3107 776 3154 Bonan.
792 3106 802 3151 l
818 3115 843 3153 et
858 3105 889 3152 ll.
903 3108 966 3152 lianc
977 3109 1000 3153 Ι.
1013 3108 1097 3154 amisa.
1113 3111 1177 3156 lunt.

115 3187 191 3233 ttm.
201 3185 258 3232 illd.
269 3185 313 3232 lln.

145 3364 206 3426 7¹⁴·
219 3362 329 3422 Jamque
343 3358 413 3406 audet
421 3357 527 3422 primam
541 3369 624 3408 tenera
668 3375 749 3428 quam
760 3357 837 3412 rebus
847 3356 1013 3428 praeclareat)
1020 3359 1178 3430 Argonautis

114 3441 141 3486 de
154 3439 250 3488 vertice
256 3437 377 3504 frondem
388 3427 400 3504 (
411 3437 476 3508 βρύει
492 3437 558 3490 ἄνθεϊ
569 3445 623 3490 tau·
669 3435 828 3506 quibusdam
850 3437 948 3506 gestia,
969 3437 1017 3508 qui
1040 3452 1179 3508 ternpeuate

114 3526 144 3587 ιῇ
154 3513 178 3581 )‚
192 3535 269 3583 qrrum
285 3517 362 3565 subita
381 3516 494 3566 inmissis
513 3535 623 3586 preceps
664 3518 735 3584 pari,
744 3517 838 3570 eodem
849 3518 948 3589 impetu
959 3557 967 3584 ,
978 3523 1058 3572 uersis
1067 3523 1179 3576 inertiae·

114 3597 237 3660 aquilonia
249 3595 337 3644 nimbis
353 3595 422 3644 sunit
435 3595 510 3646 hiems
524 3585 623 3664 (illisu
669 3600 810 3657 resumis,
827 3597 959 3668 fugientes
980 3597 1071 3654 hostes
1088 3617 1177 3672 perse·

114 3671 137 3725 l·
149 3677 266 3740 ἐξαπίνης
283 3675 371 3744 ἄνεμος
391 3676 433 3728 σὺν
448 3674 550 3728 λαίλαπι
566 3683 625 3730 πολ·
668 3679 796 3739 <luuntur-

114 3745 175 3823 λῇ),
187 3771 334 3822 magnaque
343 3756 450 3802 eattlsam
461 3755 539 3803 tendit
546 3773 624 3804 arena
704 3749 767 3816 725.
777 3753 868 3806 Perses,
880 3743 950 3798 hanc
959 3765 1068 3802 fluorum
1076 3749 1178 3803 cladem

116 3828 221 3904 [tenea
235 3841 260 3886 τ’
274 3833 401 3904 ἐξέστρεψε
425 3835 466 3888 eal
487 3835 625 3897 ἑξιτάννυσ·
669 3841 696 3880 et
709 3827 798 3898 lugam
811 3825 989 3956 consgiciens,
1002 3833 1087 3882 eoehtm
1100 3834 1177 3897 (deos,

116 3915 222 3985 ἐςὶμίῃ
235 3905 258 3980 ).
670 3925 769 3978 supra,
789 3905 837 3970 ll,
858 3922 869 3957 1
892 3909 925 3974 7)
949 3911 1069 3974 questibus
1092 3910 1180 3978 implet.

146 3995 207 4061 7¹⁸·
219 3993 343 4065 Myraces
359 3992 407 4045 iste
423 3991 517 4064 Syenis
533 3991 624 4064 sagitta
669 3992 722 4038 Vos
732 3983 1020 4056 superiaugurioinani
1030 3987 1187 4042 inerrorem‘

118 4083 172 4124 ante
191 4072 273 4144 ipsius
288 4071 395 4144 virginis
412 4090 460 4124 ora
474 4071 563 4136 cadit;
580 4077 627 4124 sed
669 4085 712 4118 me
721 4063 843 4126 duxistis,
857 4076 886 4116 ut
899 4064 1009 4134 Scythas
1027 4063 1054 4116 in
1069 4067 1178 4136 patriam

118 4169 162 4200 roa
175 4155 253 4219 ιηαςὶε
268 4154 312 4202 itta
326 4165 434 4202 inovetur
445 4155 534 4220 (acuitas
553 4171 624 4218 tagra
670 4145 810 4198 excitarem
822 4162 918 4196 meam.
929 4143 970 4194 'l'u
980 4180 988 4206 ,
998 4143 1109 4214 Jupiter,
1122 4165 1181 4218 pro.

118 4245 187 4290 near,
195 4231 228 4282 de
240 4249 294 4283 uno
306 4231 403 4284 iasone
417 4249 466 4282 suo
478 4229 621 4296 sollicita),
669 4225 790 4288 miseras,
800 4224 906 4275 fratrem
918 4221 1049 4292 injustitie
1056 4224 1121 4277 milri
1131 4245 1182 4297 pes¹
