3220 5128
397 508 462 584 dxli
778 506 1077 573 CATxLoGUS

439 631 544 718 Atque
561 629 630 692 brec
645 628 686 691 de
699 628 905 693 nobilissimis
918 630 1034 694 Groeooe
1048 627 1227 708 juventutis
1240 627 1455 717 principibus,

394 755 477 822 quos
494 734 526 796 iu
542 733 719 797 turbanter
734 731 874 797 iudicem
889 733 1047 813 conjicere
1063 734 1170 813 nolui,
1186 732 1242 796 sed
1259 734 1366 798 locum
1380 757 1456 822 pro-

394 839 501 928 prium
517 835 593 902 dare
609 854 643 901 et
654 838 885 926 conspicuum,
904 853 940 902 ut
955 839 1013 926 qui
1026 839 1088 902 hac
1103 837 1258 902 doctrines
1271 855 1362 926 parte
1373 838 1457 902 dele·

394 959 515 1024 ctamr,
543 959 576 1006 et
592 957 695 1030 poete
711 943 833 1022 nostri,
860 959 916 1006 aut
939 943 1070 1006 alterius
1092 943 1300 1032 Argonautici
1317 943 1456 1007 lectione

394 1048 548 1136 sepiatur,
564 1046 596 1109 in
615 1063 769 1135 promptu
783 1046 899 1111 habeat
914 1047 1053 1112 Lexicon
1073 1047 1164 1134 qussi
1180 1048 1455 1136 Argonauticum,

394 1175 461 1240 qno
479 1167 639 1232 recurrat,
655 1167 689 1216 et
705 1153 867 1216 memorie
881 1151 1062 1216 subsidium
1079 1168 1174 1238 petat.
1196 1151 1362 1216 indicibus
1381 1154 1455 1217 reli·
1514 1171 1516 1176 ·

393 1258 466 1346 quis
485 1256 679 1346 promittere
700 1256 791 1344 prius
812 1257 940 1322 animus
964 1258 1099 1339 rrxlerat,
1118 1257 1175 1321 sed
1198 1257 1399 1340 metuebam,
1414 1275 1455 1322 ut

394 1364 514 1428 multos
529 1363 685 1442 lectores,
704 1364 760 1450 qui
781 1363 896 1452 saepius
914 1363 1153 1452 prefationibus
1169 1378 1202 1426 et
1217 1364 1454 1452 prolegomenis

395 1467 560 1557 perlectis,
578 1466 714 1548 abjicere
729 1467 835 1530 solent
846 1467 964 1547 libros,
981 1469 1125 1532 laterent.
1143 1467 1191 1530 De
1202 1469 1284 1554 ipsis
1292 1467 1454 1532 indicibus

395 1573 489 1638 etiarn
510 1593 643 1636 monere
663 1573 728 1636 hoc
749 1574 783 1636 in
806 1573 993 1660 prelatione
1016 1573 1156 1662 neglexi,
1179 1573 1266 1654 illos,
1287 1589 1324 1636 ut
1339 1594 1453 1661 spero,

394 1701 471 1742 cura
489 1677 609 1758 msjore
631 1694 665 1741 et
678 1675 846 1765 diligentis
862 1699 931 1742 esse
948 1678 1132 1757 conlectos,
1154 1699 1252 1764 quarn
1269 1679 1368 1768 vulgo
1387 1679 1453 1742 lieri

394 1785 497 1848 solet:
514 1783 583 1846 baec
600 1783 686 1845 enirn
703 1783 868 1870 provincia
885 1781 952 1846 fere
969 1782 1205 1846 correctoribus
1219 1798 1277 1846 aut
1288 1805 1452 1848 mercena·

395 1889 449 1953 riis
472 1871 579 1974 operis
598 1885 743 1950 mandari
760 1887 855 1962 solet,
874 1887 949 1974 quis
969 1886 1107 1951 credunt
1128 1887 1247 1951 librarii
1268 1904 1302 1950 et
1322 1888 1452 1976 plurimi
1491 1945 1495 1954 .

394 1994 464 2074 ulii,
490 1993 571 2057 nibil
584 1993 708 2058 facilius
723 2015 808 2074 esse,
833 2013 940 2080 neque
960 1994 1084 2082 magnis
1100 1991 1291 2056 eruditionis
1311 2010 1368 2056 sut
1388 2017 1453 2059 ser·

395 2098 501 2164 monis
525 2097 612 2162 latini
636 2099 738 2185 copiis
762 2099 957 2162 instructum
980 2120 1049 2162 esse
1069 2097 1205 2180 debere,
1228 2100 1284 2186 qui
1304 2098 1452 2163 adhunc

395 2203 646 2292 ingratissimum
672 2202 813 2266 laborem
838 2202 1032 2267 detruditur.
1055 2202 1119 2268 Sed
1145 2219 1177 2267 et
1196 2203 1286 2268 bunc
1310 2227 1450 2268 errorem

394 2309 556 2397 vulgarem
579 2327 666 2386 esse,
689 2307 740 2370 rel
767 2306 854 2370 solus
880 2306 994 2371 docere
1019 2309 1138 2395 poterit
1161 2307 1303 2372 Abrdus
1326 2325 1451 2388 noster,

394 2435 491 2500 quern
514 2411 653 2476 vidimus
679 2433 718 2476 ex
741 2412 872 2501 propria
898 2435 986 2499 penu
1010 2413 1090 2477 nihil
1117 2414 1183 2478 lere
1206 2413 1366 2479 adducere
1393 2437 1451 2503 po-

394 2518 493 2582 tuisse
518 2515 558 2580 ad
583 2531 686 2604 poetae
714 2533 831 2580 nostrus
849 2515 948 2581 decus
968 2535 1026 2581 unt
1051 2519 1175 2600 lucem,
1203 2541 1270 2584 non
1289 2521 1449 2584 utiliorem

394 2645 524 2711 opernm
540 2622 574 2685 in
594 2620 755 2685 indicibus
778 2622 973 2687 consuendis
994 2624 1117 2711 posuit,
1135 2647 1237 2712 quum
1259 2647 1325 2689 non
1346 2623 1448 2690 dicam

395 2726 595 2816 negligentius
612 2725 716 2815 (cujus
730 2748 846 2815 magna
861 2750 933 2814 pars
951 2729 1187 2817 typographicis
1211 2731 1316 2818 operis
1344 2746 1447 2794 trans·

393 2832 488 2896 scribi
503 2833 624 2920 posset)
636 2848 701 2895 tam
717 2831 829 2895 crebra
844 2830 1039 2896 documenta
1054 2831 1191 2918 dederit,
1201 2834 1257 2900 sed
1274 2835 1448 2900 inscientite

393 2953 426 3001 et
440 2937 641 3001 crassissimas
657 2935 851 3025 stupiditatis
874 2937 991 3001 indicia
1017 2938 1218 3020 exhibuerit,
1236 2955 1273 3003 ut
1291 2940 1445 3024 nesciam,

393 3065 455 3130 qua
476 3041 585 3105 fronte
600 3043 649 3104 vir
669 3063 708 3128 ²7
722 3063 824 3104 annos
843 3058 954 3124 natus,
968 3067 1065 3108 ausus
1079 3046 1176 3108 fuerit
1185 3047 1282 3109 talem
1295 3045 1445 3110 abortum

392 3146 528 3236 publieae
550 3146 615 3209 luci
637 3167 809 3232 exponere.
830 3147 878 3209 De
900 3147 1042 3228 mendis,
1064 3148 1097 3211 in
1127 3171 1336 3214 numerorum
1361 3153 1446 3215 notis

392 3250 607 3330 berentibus,
631 3271 697 3312 non
716 3271 807 3339 agam
828 3273 979 3339 operose,
998 3253 1072 3317 licet
1086 3270 1135 3320 tot
1150 3278 1187 3319 ac
1201 3271 1297 3320 tantae
1311 3257 1391 3336 sint,
1410 3272 1446 3320 ut

394 3355 479 3419 nulla
500 3356 541 3419 sit
563 3353 702 3444 pagella,
721 3377 792 3442 quse
811 3378 877 3419 non
901 3356 1038 3422 sufficiat
1059 3360 1222 3450 fatigando
1244 3363 1374 3445 lectori,
1391 3362 1444 3449 qui

392 3463 510 3524 frustra
518 3459 614 3524 rerba
626 3456 764 3523 adducta
775 3460 809 3522 in
821 3477 922 3548 poetae
934 3459 1101 3552 designato
1115 3464 1196 3528 libro
1209 3483 1242 3530 et
1253 3487 1346 3531 versu
1359 3491 1443 3554 que·

391 3583 457 3645 ret,
475 3567 517 3628 ita
538 3579 576 3626 ut
596 3563 694 3628 index
714 3565 867 3629 falsorum
882 3589 1094 3632 numerorum
1108 3570 1183 3633 satis
1194 3572 1320 3660 amplus
1334 3570 1443 3636 confici

390 3687 509 3761 posset.
528 3669 590 3734 Sed
608 3670 797 3759 ignorantie
818 3687 850 3734 et
871 3671 961 3735 lntini
980 3675 1155 3756 sermonis,
1178 3674 1210 3739 el
1223 3677 1370 3764 inprimis
1383 3699 1444 3740 rne-

390 3779 475 3841 tricae
491 3773 675 3864 disciplinae,
687 3775 854 3864 inrperitiae
868 3777 1040 3864 specimina
1051 3779 1150 3868 longo
1163 3780 1279 3845 ordine
1290 3781 1444 3846 recenseri

389 3898 539 3974 possent,
559 3904 630 3969 quae
648 3882 791 3968 patronis
806 3879 981 3946 Alarrlianse
996 3883 1161 3950 industrias
1176 3903 1209 3950 et
1224 3887 1379 3953 doctrinae
1393 3911 1444 3952 ru·

389 3991 502 4054 horem
527 4002 661 4076 possent
684 3985 839 4051 incutere.
866 3987 934 4052 Nos
953 3991 1063 4076 paucis
1086 3993 1230 4056 contenti
1253 3994 1390 4075 erimus,
1406 4017 1445 4057 ne

388 4091 556 4157 calumnias
583 4090 672 4152 locus
695 4088 907 4176 relinquntur.
929 4090 980 4155 Sic
1005 4093 1123 4181 legitur
1145 4095 1178 4158 in
1205 4095 1441 4186 indicccarpit,

389 4195 604 4282 V111,5,89;
628 4196 719 4281 atqui
743 4211 859 4260 neutro
881 4197 954 4260 loco
975 4195 1007 4260 id
1028 4199 1186 4281 occurrit,
1202 4199 1259 4266 sed
1279 4203 1378 4288 priori
1400 4219 1447 4266 est
