3220 5128
462 546 880 633 lnooulur'lauu.
1145 567 1208 656 377

141 692 241 755 luisse
258 713 277 754 a
291 688 487 786 Theocrito,
500 689 593 779 Idyll.
608 693 725 773 XXII,
739 690 819 773 1055
834 713 935 780 quem
954 691 1063 755 locum
1082 691 1212 779 respicit

145 796 334 861 Eustathius
350 795 392 860 ad
406 795 538 860 Homer.
556 796 594 860 Il.
613 799 661 878 11,
675 797 755 884 5953
768 796 861 876 cujus
877 795 975 861 filiam
988 797 1091 877 Iolen,
1102 797 1210 862 occiso

134 894 235 990 ¹patre
245 919 278 965 et
285 899 369 983 filiis,
379 901 536 989 captivam
545 901 853 984 abduxitHercules3
867 901 933 966 vid.
944 901 1091 1000 Apollo'd.
1101 901 1157 967 lib.
1166 901 1210 982 11,

42 1056 45 1067 .
141 1031 210 1096 cap.
229 1031 261 1095 73
281 1007 389 1072 Schol.
414 1007 566 1096 Sophocl.
583 1009 733 1078 Trachin.
759 1010 822 1075 268
846 1025 877 1074 et
902 1007 985 1090 3553
1003 1009 1139 1073 Pausan.
1159 1011 1210 1090 11,

141 1137 211 1203 cap.
232 1110 434 1194 153Diodor.
451 1114 507 1179 lib.
523 1116 570 1179 IV
597 1138 629 1205 p.
650 1116 710 1182 165
727 1133 760 1181 et
778 1118 838 1202 169
850 1113 907 1202 (1)
919 1115 1076 1180 Praeterea
1090 1115 1211 1180 Athen.
1301 1183 1307 1192 ,

141 1220 197 1285 lib.
221 1219 286 1295 IX,
302 1241 341 1300 2,
356 1217 451 1300 dicit,
468 1219 625 1304 Eurytum
646 1239 679 1286 et
700 1221 803 1286 lilium
826 1221 969 1284 sublatos
993 1220 1034 1284 ab
1052 1220 1210 1301 Hercule,

143 1327 220 1414 quia
239 1325 279 1389 ah
298 1324 534 1390 Euboeensihus
548 1327 669 1390 tributa
685 1328 863 1418 exigebant.
882 1329 930 1391 De
946 1325 1011 1391 hoc
1024 1327 1147 1410 ruyro
1163 1341 1213 1389 est

144 1431 343 1520 epigramma
364 1446 491 1496 sextum
519 1431 722 1513 Callimachi,
736 1432 793 1496 ubi
812 1433 920 1497 nescio
939 1430 1018 1520 quid
1035 1431 1159 1495 venerit
1177 1431 1211 1494 in

142 1549 285 1599 mentem
304 1540 405 1600 Annua
426 1536 521 1599 Fabri
545 1534 634 1618 filiae,
655 1559 728 1624 quae
748 1537 893 1622 Euryton
911 1536 1027 1599 urbem
1044 1533 1211 1615 eamdem,

108 1667 113 1678 ·
142 1663 215 1728 quae
232 1641 385 1706 OEchalia
401 1631 531 1724 dicitur,
543 1642 695 1730 explicat,
706 1663 809 1729 quum
826 1641 868 1705 sit
881 1640 943 1706 viri
960 1663 1079 1704 nomeu
1091 1689 1100 1722 ,
1112 1639 1211 1728 patris

143 1744 244 1827 loics3
269 1743 326 1809 sed
350 1747 513 1810 Homerus
530 1746 552 1810 l.
578 1746 598 1810 l.
623 1747 738 1834 Euryti
760 1747 876 1810 urbem
896 1745 1083 1810 OEchaliam
1098 1763 1213 1830 vocat;

142 1849 216 1916 vide
231 1851 278 1915 ibi
291 1852 506 1916 Eustathium.
519 1850 582 1917 Sed
597 1852 689 1916 fatale
703 1870 752 1917 est
765 1851 1096 1941 Gallis(2)hominum
1112 1851 1214 1915 nomi·

145 1979 185 2020 na
201 1958 235 2020 iu
247 1957 345 2021 urbes
358 1957 596 2022 transformare.
605 1959 768 2023 Homerus
781 1981 859 2023 vero
875 1957 1006 2022 dicitibi
1017 2007 1026 2039 ,
1036 1957 1213 2046 Thamyrin

143 2064 253 2127 venire
264 2085 303 2126 ex
313 2064 466 2128 OEchalia
479 2064 520 2128 ab
532 2065 673 2154 Euryt03
690 2088 757 2154 quo
768 2066 928 2153 respicere
940 2081 1020 2154 puto
1032 2065 1212 2129 Luciauum

144 2171 177 2232 in
205 2170 386 2252 Piscatore,
402 2194 433 2259 p.
453 2193 534 2252 uoa,
551 2169 599 2235 ed.
621 2170 741 2236 Bourd.
760 2171 818 2235 uhi
829 2170 1007 2258 Thamyrin
1023 2170 1131 2259 jungit
1146 2169 1214 2232 Eu·

144 2290 229 2360 prro,
243 2291 277 2338 et
297 2275 387 2338 illum
408 2276 519 2340 innuit
538 2276 648 2340 Musas
672 2275 809 2341 canendi
827 2293 911 2357 arte,
925 2276 1016 2340 hunc
1032 2275 1212 2364 Apollinem

142 2381 301 2462 jaculandi
319 2406 494 2472 provocare
509 2407 605 2448 ausos
616 2409 625 2468 ;
636 2383 722 2448 idem
734 2407 812 2448 vero
830 2400 878 2448 est
888 2384 941 2448 ille
952 2385 1093 2470 Eurytus
1108 2385 1214 2470 Dryo-

144 2489 192 2576 pis
209 2505 302 2578 pater
319 2487 453 2572 Ovidio‚
467 2489 546 2555 Met.
565 2489 632 2571 IX,
648 2488 735 2554 356:
754 2490 807 2554 illa
823 2490 910 2553 enim
934 2513 1028 2555 soror
1043 2489 1124 2554 Ioles
1139 2488 1211 2553 fuit.

145 2595 234 2658 auus
256 2595 352 2658 etiam
378 2595 536 2682 sumus,
551 2595 679 2661 aeroas
706 2575 810 2676 auus,
825 2595 922 2660 nater
940 2597 1043 2660 oeae
1060 2595 1137 2677 fun,
1156 2594 1213 2682 qui

144 2701 345 2766 Moliouides
364 2701 490 2783 dictus,
510 2701 562 2766 de·
578 2724 646 2790 quo
666 2701 740 2767 ride
764 2725 861 2792 supra
883 2703 918 2765 in
940 2702 1101 2766 Actor-ties
1122 2717 1155 2766 et
1171 2700 1213 2765 ad

145 2807 238 2872 Ovid.
268 2807 346 2872 Met.
369 2805 734 2890 lib.V111,303;fi1ius
760 2809 828 2888 ejus
850 2807 1020 2896 Thalpius,
1045 2809 1101 2894 qui
1127 2807 1213 2870 inter

145 2937 263 3002 procos
289 2915 420 2978 Helenae
441 2917 579 2980 refertur
604 2915 645 2979 ab
665 2913 816 3002 Apollod.
842 2915 908 2995 III,
929 2937 999 3003 cap.
1020 2924 1084 3001 9,§
1103 2913 1133 2978 8.
1151 2913 1212 2978 Hic

145 3023 286 3106 Eurytus
311 3021 405 3084 Pelea
427 3043 445 3084 a
471 3019 558 3085 coede
579 3020 680 3084 Phoci
697 3020 859 3100 lustravit,
874 3035 912 3084 ut
926 3036 1033 3084 narrat
1050 3021 1156 3084 Treta.
1171 3017 1213 3084 ad

144 3126 289 3215 Lycoph.
301 3148 383 3192 vers.
404 3125 482 3213 ¹753
496 3143 528 3190 et
544 3125 662 3190 deinde
674 3148 778 3215 quum
791 3127 961 3192 interesset
968 3127 1132 3192 venationi
1143 3128 1213 3215 apri

145 3230 314 3321 Calydonii
325 3231 381 3318 (ut
392 3229 533 3296 vidimus
550 3253 590 3295 ex
608 3231 747 3313 Ovidio,
761 3231 907 3320 quamvis
925 3231 1213 3322 Hygin.lah.173,
1312 3299 1315 3311 ,

145 3359 212 3400 non
230 3337 387 3421 Eurytion
397 3384 408 3415 ,
426 3334 482 3400 sed
503 3337 676 3426 Hipporum
693 3337 809 3426 Euryti
832 3337 934 3402 filium
951 3337 1153 3425 recenseat),
1169 3339 1214 3402 ibi

145 3464 164 3505 a
187 3441 284 3505 Peleo
307 3439 513 3529 Imprudente
529 3458 562 3505 et
576 3442 678 3507 invito
696 3443 822 3506 occisus
839 3441 998 3523 fuit3vid.
1015 3443 1123 3508 Schol.
1139 3444 1213 3507 Ari-

144 3546 254 3634 stoph.
272 3544 305 3609 in
322 3543 445 3609 Nubib.
459 3568 504 3611 vs.
524 3543 625 3632 10593
651 3543 742 3634 quod
761 3547 813 3610 ahi
830 3547 999 3632 Eurytioni
1014 3547 1212 3614 adscribunt.

145 3651 285 3734 Eurytus
300 3650 395 3714 etiam
414 3649 551 3715 Melanei
570 3649 654 3714 lilius
671 3666 872 3715 memoratur
889 3674 907 3715 a
926 3652 1062 3716 Pausan.
1081 3652 1137 3717 lib.
1156 3653 1213 3734 lv,

144 3780 214 3846 cap.
235 3755 327 3838 33,a
345 3780 412 3844 quo
435 3755 584 3823 Melaneo
608 3758 784 3840 Eretriam,
805 3758 920 3822 urbem
945 3758 1093 3839 Euboeae,
1112 3759 1213 3824 Mela-

146 3861 244 3926 neida
257 3861 408 3950 appellari
422 3862 467 3926 ait
478 3861 661 3951 Stephanus
675 3863 709 3926 iu
724 3863 837 3944 ιὶριτρῑα.
850 3863 948 3930 Hunc
958 3879 1038 3954 puto
1048 3885 1215 3952 saepecon·

179 4059 218 4128 (r)
232 4056 274 4110 Ad
284 4075 365 4128 quem
375 4058 462 4111 locum
472 4057 532 4111 vide
542 4059 705 4131 Weaseliug.
714 4078 776 4132 pag.
788 4060 848 4116 282.
863 4059 951 4114 Hau.

180 4150 218 4217 (a)
236 4146 295 4200 Nou
309 4144 414 4198 fatalius
424 4145 507 4200 Gallia
519 4165 601 4220 quam
613 4147 722 4210 caeteriu
734 4167 822 4202 errare
834 4149 904 4211 euim
916 4149 1063 4200 humanum
1076 4161 1127 4201 est·
1146 4168 1177 4201 ac
1192 4150 1213 4202 si

144 4253 194 4288 uos
207 4235 319 4288 aliorum
331 4245 435 4303 peccata
449 4233 642 4308 reprehendere
655 4237 829 4303 voluerimus,
849 4257 903 4291 uon
916 4257 988 4309 seges
1003 4187 1212 4291 auimadieraio·

145 4343 209 4377 nutu
225 4325 311 4394 ampla
322 4321 437 4379 deliciet.
450 4325 501 4380 Eu.
