3192 5138
396 501 460 581 254
563 503 646 569 1²10
666 501 914 586 AUCTORE,
937 503 1303 579 SUPPLEMENTA

440 630 668 720 Respondent,
686 633 882 722 tremulique
897 649 1002 700 uniat
1017 638 1179 726 laquearia
1198 645 1284 709 tecti.

482 750 614 813 llterent
627 747 748 812 obtutu
763 748 871 839 primo
886 748 1088 836 Phaeacides,
1102 755 1190 844 ipsos

437 865 623 954 Spectantes
640 861 784 951 Minyas,
802 879 835 928 et
850 885 987 954 corpora
1006 864 1078 932 diva
1093 868 1249 937 virorum.

436 971 589 1066 Inprimis
607 992 721 1041 natum
736 973 857 1067 OEagri
873 970 1194 1048 mirantur'biantem

435 1092 596 1173 Carmina,
605 1113 677 1180 qun
689 1109 836 1180 superos,
846 1113 920 1181 quae
928 1093 1089 1178 homines,
1100 1117 1173 1184 qum
1186 1111 1301 1164 tamam
1310 1099 1467 1166 mulcent.

434 1207 587 1273 Immistat
604 1206 721 1296 passim
741 1207 894 1296 nymphae
911 1209 1086 1276 concordia
1101 1213 1233 1279 solvunt

435 1323 519 1407 Ora,
531 1321 698 1412 deumque
715 1321 779 1386 tori
796 1321 918 1388 laetanti
937 1325 1082 1391 carmine
1099 1325 1254 1411 adorant;

434 1435 588 1526 Solivagoe
604 1435 722 1518 modo,
739 1455 830 1501 nunc
846 1435 949 1502 latum
967 1437 1190 1529 glomerantur
1206 1445 1241 1508 in
1260 1445 1384 1513 orbem.
1426 1485 1466 1514 η,

434 1551 538 1633 Nam,
553 1549 641 1616 bona
657 1551 762 1635 luno,
781 1551 830 1616 tui
847 1551 984 1618 fuerunt
1001 1553 1071 1621 brec
1088 1555 1175 1622 dona
1191 1560 1326 1645 favoris,

434 1663 577 1729 Prodere
595 1687 667 1754 quae
688 1668 808 1732 Areten
825 1665 949 1746 jussisti
966 1668 1065 1734 corda
1080 1673 1199 1738 mariti.

386 1795 392 1806 ·
476 1776 654 1866 Postquam
671 1777 806 1861 sublimi
826 1779 909 1847 solio
928 1784 1088 1850 sententia
1104 1787 1167 1852 lata
1183 1807 1234 1854 est
1255 1785 1256 1790 ’

433 1891 573 1957 Decreta
587 1892 734 1976 Alcinoi,
749 1893 876 1960 tumida
892 1897 1124 1968 excandescere
1142 1921 1251 1971 mente

434 2005 602 2094 Incipiunt
615 2007 746 2091 Colchi,
763 2023 796 2074 et
813 2007 948 2076 fremitu
968 2009 1182 2105 indignantur
1198 2019 1297 2087 inani.
1426 2060 1449 2086 ιι

431 2122 508 2185 lura
526 2136 634 2186 tamen
654 2120 796 2188 didicere
812 2121 898 2212 pati,
912 2125 1106 2216 justumque
1121 2133 1225 2198 vereri

431 2234 614 2319 Iudicium,
633 2251 732 2325 atque
747 2239 875 2305 animos
891 2241 997 2330 posita
1012 2245 1138 2312 feritate
1154 2247 1298 2317 domare.

431 2349 511 2415 Mox
525 2350 670 2416 subeunt
686 2352 741 2416 irae
757 2355 860 2444 regis,
876 2353 1044 2447 festamque
1062 2362 1196 2449 superbi

431 2463 551 2548 AEetae5
568 2486 637 2531 non
655 2465 741 2532 ullus
760 2481 829 2532 erat
847 2483 912 2534 tam
929 2487 1061 2560 pectore
1078 2473 1172 2541 firmo

430 2578 649 2669 Tenderequi
666 2581 708 2647 ad
724 2582 842 2671 patrias
858 2585 995 2652 auderet
1009 2591 1146 2656 nuntius
1163 2611 1269 2660 aures.
1422 2619 1462 2658 2³0

429 2695 517 2784 Ergo
530 2695 668 2760 sollicito
683 2699 788 2762 vexati
805 2697 903 2764 eorda
919 2723 1040 2790 pavore

429 2809 604 2876 Alcinoum
621 2811 764 2902 rogitant
780 2809 884 2879 felicia
899 2835 975 2881 rura
992 2817 1117 2884 colonis

428 2922 548 2988 Tradat
563 2923 685 2990 aranda
705 2928 816 3011 novis;
835 2929 1012 3020 patriaeque
1031 2932 1131 2998 obtin
1149 2935 1289 3031 larisque

428 3036 600 3102 Phaeacum
615 3039 648 3102 in
667 3042 791 3128 populo
805 3043 925 3131 pariter
941 3065 1020 3135 gens
1034 3047 1155 3114 Colcha
1170 3069 1298 3143 recepta
1315 3073 1378 3141 est,

428 3152 535 3239 Coepit
552 3167 584 3216 et
606 3152 758 3219 humanis
777 3155 859 3221 ritus
874 3175 1002 3225 mutare
1019 3158 1160 3246 ferinos,
1417 3193 1455 3232 aas

427 3265 541 3329 Donec
555 3266 745 3332 Banchiadae
764 3267 880 3336 bimari
898 3295 977 3364 gens
994 3291 1065 3341 orta
1081 3277 1257 3364 Corintho,

427 3380 568 3469 ingressi
582 3378 713 3445 tandem
729 3384 830 3474 longo
848 3403 924 3475 poet
938 3404 1084 3480 tempore
1101 3408 1218 3477 terras3

427 3493 583 3581 Opposita
600 3494 662 3559 bos
679 3497 765 3587 oepit
782 3501 893 3588 pulsos
913 3525 990 3568 mox
1009 3507 1135 3590 insula,
1156 3528 1302 3596 montes,

426 3605 625 3697 Summaque
643 3607 786 3699 palantes
808 3627 944 3682 tenuere
964 3621 1124 3686 Ceraunia
1142 3625 1307 3693 Abantem

425 3721 636 3811 Nestoeosque
656 3725 762 3809 locos,
777 3729 976 3821 allutamque
989 3733 1110 3800 Oricon
1130 3737 1241 3805 undis.
1420 3772 1457 3814 a·

425 3838 556 3902 Postera
573 3838 631 3903 sed
647 3841 738 3907 aeolis
757 3841 891 3911 demum
907 3848 1117 3915 volventibus
1136 3869 1210 3917 aetas

425 3953 544 4014 Annua
559 3952 698 4016 solemni
715 3953 887 4024 celebravit
905 3977 1054 4050 tempore
1073 3966 1154 4031 festa

427 4065 501 4145 Qua
515 4065 635 4129 Nomio
652 4069 762 4154 posuit
778 4069 893 4139 Medea
914 4077 1024 4143 altaria
1043 4075 1176 4149 Phoebo.

468 4178 621 4241 Alcinous
637 4180 766 4248 tandem
782 4183 901 4276 Minyis
915 4191 1105 4259 cedentibus
1122 4193 1208 4262 ul'tro
