3220 5128
466 511 902 578 ansouauranuu.
1150 513 1213 578 scs
1345 483 1348 488 ’
1419 577 1468 604 ¹,
1574 537 1576 562 2

95 687 98 692 .
153 635 255 700 lacere
264 635 415 700 vidimus.
425 636 578 700 Diversus
593 635 634 700 ab
649 634 714 699 hoc
729 633 894 720 Clymnus
906 635 995 700 Telei
1011 633 1110 716 filius,
1121 634 1214 717 cujus

154 741 320 806 historiam
343 757 450 806 namet
470 741 662 805 Parthenius
680 739 713 804 in
732 740 870 804 Erotiuis
879 761 973 828 ,cap
992 737 1052 819 13,
1065 755 1099 804 et
1112 739 1215 828 Hygi·

153 869 232 928 nus,
251 846 316 910 sab.
344 847 409 910 206
428 844 505 932 (ubi
533 845 679 918 Schoenei
703 843 789 910 iilius
816 843 971 932 dicitur),
997 843 1060 910 253
1083 859 1117 908 et
1140 841 1214 910 255.

153 953 311 1032 nunejus
322 949 500 1040 Harpalyce
510 967 644 1016 vocatur
644 950 874 1040 ,quonomlne
886 950 979 1014 aliam
990 949 1217 1016 ardentissimo

151 1082 262 1124 amore
276 1059 311 1122 in
325 1057 503 1147 lphiclum
495 1080 659 1124 moensam
676 1058 775 1122 fuisse
789 1057 891 1122 refert
903 1056 1050 1121 Turneb.
1068 1055 1148 1120 Δάν.
1165 1057 1218 1138 X,

154 1163 281 1248 113sed
299 1187 365 1228 non
383 1161 474 1229 addit
489 1187 557 1252 quo
574 1187 613 1230 ex
630 1181 762 1230 auctore
777 1164 845 1228 haec
855 1163 988 1228 habeat·
979 1162 1123 1252 ,legitur
1138 1185 1215 1226 vero

151 1216 239 1360 apdd
253 1269 462 1351 Athenaeum,
475 1269 531 1334 lib.
548 1270 636 1352 XIV,
648 1292 718 1358 oep.
737 1269 778 1351 33
792 1268 928 1357 quod
904 1291 931 1332 st
952 1281 1128 1350 constaret,
1138 1267 1216 1333 hinc

152 1391 336 1464 appareret,
349 1376 558 1464 cognomines
572 1375 640 1439 illas
657 1375 807 1440 mulieres
821 1373 989 1454 confusas5
1000 1395 1074 1437 nam
1087 1372 1216 1461 etlphi·

152 1481 240 1546 clum
265 1481 411 1568 Clymeni
434 1479 564 1544 fratrem
580 1479 721 1546 vidimus
735 1480 851 1562 fuisse,
862 1495 1015 1568 praterea
1030 1480 1119 1543 hunc
1141 1478 1217 1563 Cly·

151 1608 278 1652 menum
287 1585 460 1652 confusum
470 1609 545 1652 cum
553 1603 666 1652 nostro
675 1584 751 1652 inde
759 1586 853 1650 etiam
866 1585 982 1675 colligo
990 1633 1000 1667 ,
1008 1585 1083 1672 quia
1095 1582 1213 1664 filium,

152 1714 251 1779 quem
268 1714 308 1756 ex
321 1692 443 1756 incesto
457 1692 546 1758 coitu
559 1713 634 1756 cum
649 1692 827 1781 Harpalyce
843 1688 905 1756 lilia
918 1691 1066 1774 sustulit,
1081 1689 1216 1754 Presbo-

152 1819 227 1860 nem
239 1812 334 1862 vocat
348 1797 535 1862 Eustachius
551 1797 592 1862 ad
607 1796 697 1864 iliad.
707 1799 796 1880 XIV,
811 1821 841 1863 r.
852 1818 931 1884 219,
951 1781 986 1884 pL
997 1797 1079 1884 9763
1098 1796 1142 1860 ita
1155 1818 1213 1860 ro·

154 1919 262 1966 catum
289 1917 375 1966 certe
404 1917 536 1990 propter
561 1901 778 1982 Presbonem,
794 1903 939 1990 Clymeni
965 1918 1103 1990 patrem3
1123 1899 1214 1989 quod

151 2029 227 2072 vero
251 2005 341 2073 addit
358 2007 548 2085 Turnebus,
569 2007 731 2072 canticum
752 2006 917 2095 quoddam
947 2007 1146 2096 Hmpalycen
1174 2005 1216 2072 ab

152 2113 221 2196 illa,
233 2135 306 2200 quse
319 2112 480 2200 lphiclum
494 2114 628 2195 amavit,
642 2135 711 2180 esse
724 2113 988 2196 dictum,verum
1004 2136 1073 2178 esse
1091 2127 1215 2202 potest3

151 2219 226 2306 quia
241 2219 302 2282 alia
316 2217 510 2308 Harpalyce,
522 2237 579 2284 aut
592 2243 609 2284 a
620 2236 710 2309 patre
722 2219 900 2303 interiecta,
914 2237 970 2284 aut
982 2221 1016 2285 in
1031 2219 1214 2284 Chalcidem

151 2339 275 2388 mutata
299 2324 435 2390 dicitur:
452 2325 536 2390 hanc
553 2349 647 2409 vero,
664 2327 748 2392 forte
771 2327 811 2392 ab
836 2327 961 2416 lphiclo
983 2327 1161 2416 repulsam,
1176 2347 1215 2390 ex

152 2427 376 2518 desperatione
391 2453 426 2494 se
441 2431 637 2519 praecipitem
654 2430 800 2513 dedisse,
814 2448 847 2496 et
863 2432 939 2497 hinc
955 2431 995 2496 de
1011 2430 1130 2496 infelici
1146 2431 1214 2511 ejus

150 2535 241 2599 exitu
256 2517 418 2600 candcuin
435 2537 499 2600 hoc
515 2533 613 2600 fuisse
631 2537 846 2626 compositum
866 2553 898 2600 et
917 2537 1112 2600 celebratum
1134 2559 1213 2600 con·

151 2640 249 2719 jicere
261 2641 336 2705 licet
345 2640 538 2708 exEustath.
552 2641 608 2728 qui
620 2641 660 2707 ad
674 2645 770 2706 Hom.
779 2640 817 2705 ΙΙ.
830 2643 920 2724 XXI,
934 2663 964 2704 v.
977 2641 1039 2706 280
1048 2689 1057 2724 ,
1066 2665 1096 2730 p.
1114 2640 1215 2722 1324,

151 2745 230 2810 dicit
245 2745 378 2833 Cahcen
392 2769 461 2810 esse
474 2747 634 2810 canticum
647 2746 836 2827 Stesichori,
846 2747 878 2809 in
892 2746 1065 2834 quamdam
1078 2745 1215 2832 Calyceo

152 2875 224 2940 quas
241 2875 300 2940 per
318 2875 460 2916 amorem
477 2875 511 2916 se
529 2852 788 2941 praecipitaverit,
806 2875 874 2918 esse
890 2869 923 2916 et
938 2852 1073 2918 alterum
1091 2853 1215 2940 Harpa·

150 2955 244 3042 lyessa
259 2955 299 3020 de
313 2957 408 3021 simili
425 2980 511 3021 casu.
526 2959 682 3040 Quaenam
699 2973 806 3022 autem
822 2959 875 3022 illa
891 2957 1005 3045 Calyce
1022 2957 1063 3022 sit
1080 2958 1212 3047 ignoro:

151 3062 216 3126 fuit
239 3077 326 3126 certe
348 3063 494 3151 quaedam
522 3086 615 3128 soror
640 3063 791 3128 Pisidices
817 3065 948 3154 Calyce3
967 3064 1024 3130 sed
1052 3065 1148 3130 etiam
1173 3089 1213 3130 eo
1326 3086 1333 3101 ¹

152 3170 287 3233 nomine
303 3186 437 3234 matrem
454 3170 573 3258 Cycni,
588 3193 685 3258 quem
700 3193 739 3234 ex
754 3171 909 3260 Neptuno
925 3171 1080 3258 suscepit,
1097 3172 1213 3253 fuisse,

151 3271 318 3338 docebunt
332 3290 363 3338 te
376 3290 460 3338 notae
474 3275 597 3340 Heinsii
613 3273 654 3339 ad
672 3275 765 3341 Ovid.
782 3275 882 3364 Epist.
899 3277 996 3357 XlX,
1014 3276 1072 3341 133
1082 3325 1091 3359 ,
1103 3301 1215 3364 quam·

152 3401 252 3466 quam
270 3378 420 3444 Munher.
444 3378 484 3444 ad
503 3381 624 3469 Hygin.
643 3380 707 3446 fab.
728 3381 806 3465 152,
821 3405 881 3469 pro
900 3381 1015 3469 Calyce
1034 3382 1214 3463 conjecerat

155 3483 372 3573 Harpalrcen,
383 3486 432 3548 vel
444 3485 623 3573 Harpalen,
619 3511 626 3524 ·
637 3486 693 3552 sed
706 3503 840 3552 matrem
853 3488 953 3576 Cycni
969 3488 1105 3574 Calyceu
1115 3489 1213 3554 luisse

152 3589 270 3654 dictam
288 3589 365 3654 hinc
382 3607 463 3679 puto
479 3590 599 3656 firmari
616 3615 725 3681 posse,
745 3593 837 3680 quia,
852 3593 1127 3680 quemadmodum
1142 3595 1212 3660 Ste-

151 3817 249 3888 poeta
261 3802 469 3890 scripsitnn
403 3813 483 3864 ιιὺκνο
471 3747 615 3890 enquein
634 3803 711 3867 citat
726 3803 892 3868 Scholiast.
912 3802 1040 3867 Pindari
1053 3747 1094 3868 ald
1105 3804 1212 3893 Olym.

152 3908 201 3989 X,
222 3927 274 3992 19,
298 3919 478 3988 Στησίχοροςίν
491 3920 674 3989 lnrypupspt'scp
687 3921 882 3990 Xiauploropsi.
906 3909 1060 3992 Quamvis
1079 3909 1213 3996 Calycen

152 4013 238 4078 illam
255 4037 321 4078 non
338 4015 438 4079 fuisse
453 4031 587 4080 matrem
599 4017 700 4105 Cycni
713 4039 751 4080 ex
766 4016 940 4097 Athenaeo,
953 4015 1007 4080 lib.
1023 4015 1111 4098 XIV,
1124 4038 1153 4081 c.
1173 4015 1210 4097 3,

151 4119 299 4208 colligere
325 4121 434 4204 liceat,
446 4123 503 4210 qui
520 4120 652 4186 laudans
668 4122 842 4186 Stesichori
858 4145 1004 4203 carmen,
1020 4121 1098 4187 dicit
1113 4119 1212 4187 fuisse

150 4225 237 4293 illam
264 4241 388 4320 captam
412 4227 540 4292 Euathli
566 4245 737 4310 nmore‚et
758 4230 936 4316 repulsam,
949 4251 983 4294 se
1004 4251 1040 4292 ex
1066 4227 1212 4294 Leucade
