3102 5128
324 499 716 565 ARGONAUTICON
746 499 832 563 LIB.
856 499 956 564 VIII.
1113 502 1172 588 175

147 632 303 720 Experiar
318 654 540 720 quascumque
556 632 638 713 vias;
654 629 753 694 modo
772 652 813 695 ue
831 631 904 718 quis
923 631 1067 698 abactam

149 749 226 811 IIuc
242 747 360 810 referat
377 769 429 812 me
445 748 528 811 forte
544 745 629 828 dies,
648 744 815 832 oculisque
831 745 973 832 parentis

149 861 299 948 Ingeret,
317 859 382 924 hoc
397 881 547 948 superos,
563 859 627 924 boc
644 875 676 924 te
691 880 825 946 quoque
840 857 1009 947 deprecor,
1028 860 1145 950 hospes
1153 892 1174 924 ιι.

198 975 275 1038 Haec
288 974 350 1058 ait,
370 990 468 1062 atque
484 975 594 1038 furens
607 972 720 1062 rapido
734 997 791 1062 per
806 972 898 1038 devia
913 997 1010 1063 passu

150 1088 313 1152 Tollitur:
334 1088 387 1154 ille
402 1088 502 1154 haeret
515 1111 639 1165 comes,
656 1104 689 1152 et
705 1089 874 1154 miseratur
890 1107 1040 1172 euntem,
1151 1109 1178 1148 ss

150 1207 269 1290 Quum
285 1207 395 1272 subito
408 1208 571 1297 Ingentem
588 1207 693 1272 media
710 1207 794 1272 inter
810 1208 922 1272 nubila
936 1207 1097 1274 flammam

148 1325 338 1413 Conspicit,
353 1341 386 1390 et
403 1347 481 1390 saeva
499 1326 661 1392 vibrantes
678 1326 750 1392 luce
766 1325 925 1390 tenebras.

149 1471 165 1494 ι
176 1441 260 1524 Quis
276 1440 378 1506 rubor
393 1441 453 1506 iste
467 1441 557 1530 poli?
573 1441 664 1532 quod
679 1439 897 1530 tamlugubre
923 1441 1047 1506 refulsit

150 1553 293 1620 Sidust»
305 1556 364 1637 ait3
378 1554 484 1620 reddit
499 1554 627 1644 trepido
643 1555 696 1620 cui
710 1555 785 1620 talia
801 1555 911 1643 virgo:
1004 1587 1007 1594 ·

151 1668 286 1756 «Ipsius
302 1691 344 1732 en
362 1670 474 1760 oculos
491 1685 523 1736 et
539 1668 661 1737 lumina
677 1683 767 1732 torva
784 1666 931 1734 draconis
1150 1687 1176 1725 σα

151 1783 318 1872 Adspicis,
334 1785 387 1848 iIIe
405 1786 471 1850 suis
486 1784 555 1848 brec
569 1784 674 1850 vibrat
688 1767 816 1874 fulgura
831 1786 951 1867 cristis,

152 1899 279 1987 Meque
293 1921 412 1988 pavens
427 1915 541 1964 contra
557 1899 657 1963 solam
673 1897 774 1982 videt,
790 1923 827 1964 ac
841 1916 935 1965 vocat
949 1899 1050 1980 ultro,

152 2013 227 2077 Ceu
241 2013 339 2095 solet,
357 2029 389 2078 et
402 2012 519 2079 blanda
537 2013 641 2102 poscit
656 2036 709 2078 me
726 2014 844 2102 pabula
859 2015 977 2103 lingua.

155 2125 220 2190 Dic
237 2147 296 2215 age
314 2149 420 2208 nunc,
436 2143 549 2192 utrum
567 2127 711 2218 vip'lanti
729 2127 922 2216 hostemque
935 2128 1056 2194 videnti

145 2285 186 2334 53.
203 2285 393 2347 lignamine
410 2287 499 2332 Bonum
511 2285 581 2332 codd
597 2288 686 2331 liouou.
703 2287 713 2330 I
731 2295 754 2332 et
769 2287 800 2332 II.
815 2289 880 2332 lunt.
894 2285 947 2332 Itd.
964 2311 994 2322 -
1013 2287 1051 2334 62.
1071 2287 1172 2334 Advocat

107 2367 181 2412 ulo-o.
192 2365 270 2412 Vatic.
284 2367 374 2411 Boron
386 2364 455 2411 oodd.
466 2375 490 2412 et
499 2363 555 2411 edd.
570 2373 624 2411 unte
640 2365 705 2411 carr.
722 2365 766 2411 Ilo.

107 2509 174 2562 darn
193 2520 274 2581 atque
292 2508 403 2562 levitatis
418 2508 564 2580 hospitibus
581 2527 623 2561 so·
669 2509 812 2561 multorum
831 2510 989 2581 serpentium
1001 2511 1125 2566 verticem
1140 2524 1178 2567 te·

106 2591 163 2642 litu
174 2589 352 2658 suspicionem
362 2589 493 2642 invenisse
502 2588 566 2652 sibi,
576 2607 625 2642 nec
668 2589 722 2658 git3
747 2589 819 2641 conf.
837 2589 958 2660 Apollou.
978 2590 1028 2652 iv,
1051 2591 1110 2660 139,
1131 2593 1178 2665 qui

108 2668 263 2730 immerito,
285 2667 357 2720 visus
379 2679 417 2720 est
442 2667 624 2730 Burmannus,
669 2667 810 2719 terribilem
822 2666 942 2719 draconis
950 2681 1085 2739 aspectum
1096 2673 1178 2743 magis

109 2745 307 2818 Valeriumqne
327 2746 457 2800 existimat
479 2747 514 2798 ob
535 2745 626 2798 oculos
670 2757 788 2799 exornat.

108 2826 240 2880 babuisse
246 2823 333 2878 Ovidii
341 2823 530 2889 illud,IIeroid.
537 2823 626 2888 XVII,
706 2827 748 2877 62.
758 2831 799 2878 Me
809 2829 899 2888 solum,
913 2824 1033 2895 quamvis
1044 2826 1123 2878 ambo
1133 2825 1178 2880 od-

1 2963 2 2970 ,
112 2925 184 2975 191:
214 2909 296 2957 arus
319 2907 343 2956 in
370 2908 498 2972 hospitibus
519 2923 569 2956 non
591 2919 628 2955 est
670 2903 767 2966 simus,
780 2918 1037 2968 coutro,cornnr,er
1050 2902 1177 2967 adverso,

110 3007 204 3038 amor.-
219 2998 298 3044 mot,
315 2998 343 3035 ut
351 2987 403 3052 ipsi.
671 2985 747 3035 videt.
760 2984 823 3034 Arte
832 2981 931 3053 magica
942 2980 1034 3034 Medea
1045 2981 1179 3051 effecerat,

150 3065 243 3126 54-66.
263 3063 375 3135 Utrique
396 3065 452 3136 jam
475 3062 627 3118 interiorem
671 3080 705 3114 ne
718 3063 839 3114 Iasonem
853 3060 1011 3131 conspiceret
1025 3061 1111 3116 droco.
1123 3063 1178 3115 Ali·

110 3143 228 3214 ingressi
247 3143 337 3194 lucum
356 3142 519 3213 conspiciunt
535 3142 628 3196 draeo·
672 3141 925 3212 tchagnerus,qui
937 3139 974 3193 sic
985 3141 1108 3212 explicat:
1119 3149 1181 3196 «Me

110 3242 188 3277 nem.
211 3223 307 3289 Ilupido
324 3241 413 3290 pmsu,
432 3239 492 3274 cum
511 3221 627 3294 Impera,
668 3241 761 3289 pauens
776 3235 863 3272 contra
880 3225 958 3272 solam
976 3223 1059 3281 otidet,
1078 3240 1181 3293 semper

111 3301 267 3355 incitatione
278 3299 363 3372 gradu
372 3341 379 3366 ,
388 3321 436 3368 par
447 3302 625 3368 deviosurens,
672 3299 797 3352 sollicitus
811 3297 844 3352 de
857 3298 967 3365 vellere,
976 3311 1069 3370 praeter
1080 3317 1122 3352 me
1133 3320 1180 3354 ne·

111 3382 150 3436 dc
164 3381 346 3434 incantatione
354 3381 410 3452 jam
423 3379 555 3452 cogitans,
569 3385 629 3432 tolli-
671 3379 771 3432 minem
789 3375 915 3430 accedere
932 3377 1041 3449 propius
1051 3379 1151 3450 patitur
1161 3405 1181 3432 a.

109 3477 163 3522 tor,
179 3459 326 3530 abripitur,
342 3459 510 3531 deproperat,
524 3459 627 3514 Medea.
672 3458 723 3510 Eu.
741 3489 776 3499 -
793 3462 832 3510 Ao
851 3469 929 3508 uocat
946 3461 1022 3519 mtto,
1043 3457 1181 3512 cristarum

153 3539 197 3594 55.
213 3545 294 3591 Haeret
306 3559 386 3591 comes
399 3540 490 3592 Iason.
502 3539 628 3610 Majorem
671 3537 719 3590 ista
741 3537 882 3596 erectione,
900 3547 926 3587 et
944 3539 1034 3588 biunde
1061 3538 1182 3592 sibilante

110 3621 172 3674 vim
187 3617 268 3671 habet
282 3623 310 3676 τὸ
323 3623 412 3680 derret,
427 3637 507 3690 quam
521 3620 629 3691 simplex
670 3619 751 3685 poscit
761 3635 799 3667 me
807 3617 901 3683 pabula
912 3617 1007 3683 lingua.
1019 3647 1054 3656 -
1066 3615 1108 3670 Sic
1116 3617 1180 3671 Pro-

112 3717 173 3754 est:
187 3699 257 3752 inest
267 3699 342 3752 notio
355 3699 466 3772 alicujus
478 3699 587 3752 timoris.
672 3694 788 3767 portius,
800 3692 870 3762 Eleg.
883 3689 933 3758 IV,
947 3694 978 3758 8,
993 3713 1026 3764 7:
1042 3699 1124 3763 Jejuni
1131 3715 1182 3746 ser·

154 3781 196 3851 57.
211 3781 351 3840 Vibrauter,
374 3778 535 3831 intransitive
550 3776 630 3847 (vide
668 3776 750 3843 pentir
764 3775 841 3823 Itonos
857 3789 930 3838 quum
941 3776 1033 3839 pabulo
1043 3778 1123 3840 poscit
1129 3781 1184 3827 An·

113 3858 154 3914 ad
163 3858 234 3920 VII,
250 3860 302 3930 617
312 3861 336 3928 ),
354 3876 421 3908 soevu
442 3861 495 3908 luce
510 3861 627 3918 tenebroe,
673 3871 734 3904 nuo.
747 3850 799 3904 En.

113 3937 240 3992 terribilis
264 3958 280 3992 e
307 3935 392 3990 noctis
413 3935 516 3990 umbris
543 3937 630 3991 oriens
710 3933 751 3994 64.
766 3929 815 3982 Dic
830 3942 980 4000 age,uuum
991 3931 1082 3980 iontem
1095 3940 1121 3980 te
1131 3947 1184 3983 me-

113 4016 252 4092 splendor.
674 4028 735 4066 cum
746 4007 913 4064 accedentem
923 4011 1021 4060 videnti
1031 4011 1186 4060 exuviarum

155 4099 320 4166 defulgurat
338 4096 434 4152 vibrat,
449 4093 479 4147 h.
498 4093 516 4146 1,
533 4093 628 4158 active,
667 4092 739 4159 jem
747 4092 824 4150 veiis,
838 4099 970 4143 certamen
983 4105 1086 4140 cumeo
1099 4087 1185 4149 inire,

115 4188 240 4250 torquet,
261 4176 355 4234 oritus,
376 4172 449 4226 bunc
466 4171 632 4242 splendorem
675 4168 810 4242 vellusque
822 4168 921 4238 eripere
931 4166 985 4238 ipse
998 4166 1140 4230 sustineam
1150 4187 1183 4218 on

114 4257 213 4311 emittit
223 4274 338 4320 ooroua,
352 4271 438 4308 masta
452 4269 560 4311 carnee,
573 4269 632 4322 quai
676 4251 769 4301 lununa
779 4266 862 4300 somno
872 4249 1015 4314 mergimus,
1025 4264 1057 4298 an
1068 4265 1118 4316 ego
1125 4265 1187 4300 ocu·
