3192 5138
389 531 802 600 ARGONAUTICON
834 535 925 600 utu.
945 534 1054 602 vul.
1092 527 1099 538 '
1192 537 1253 624 187

229 664 513 756 significans,jam
527 687 627 756 regna
643 666 742 756 [μὴ
760 641 924 756 totiesque
936 683 1120 757 gementem
1216 699 1227 727 ι

230 780 331 862 Fallit,
352 779 394 844 ad
408 779 595 844 Haemonios
610 780 760 846 hortatus
777 803 911 872 surgere
928 799 1068 848 montes.

273 895 383 960 Insula
401 895 583 962 Sarmaticae
599 895 706 962 Peuce
720 911 783 962 stat
801 897 936 964 nomine
953 899 1122 988 nymphae,

232 1010 359 1073 Torvus
379 1009 437 1072 ubi
451 1024 484 1074 et
497 1010 567 1098 ripa
583 1031 712 1098 semper
728 1010 923 1080 metuendus
941 1027 1080 1101 utraque

231 1115 271 1187 In
288 1123 370 1211 freta
385 1147 444 1212 per
462 1147 562 1190 saevos
580 1125 662 1190 Ister
677 1123 846 1192 descendit
861 1126 991 1194 Alanos.

231 1237 362 1303 Solvere
379 1239 414 1302 in
430 1238 495 1304 hoc
512 1238 644 1304 tandem
662 1238 784 1304 resides
800 1239 868 1306 dux
883 1240 980 1306 litore
994 1263 1107 1324 curas,
1219 1274 1243 1302 n

233 1353 278 1418 Ac
291 1352 437 1441 primum
453 1354 559 1420 socios
575 1377 673 1420 ausus
691 1377 749 1420 sus
771 1369 864 1444 pacta
878 1353 1015 1438 docere,

234 1466 496 1562 promissamque
514 1466 612 1532 fidem
630 1469 780 1552 thalami,
797 1468 969 1558 foedusque
984 1469 1102 1561 jugale.

234 1581 328 1646 Ultro
345 1604 460 1648 omnes
473 1581 537 1648 laeti
549 1583 703 1673 instigant
719 1584 933 1672 meritamque
948 1583 1102 1650 fatentur.

236 1699 309 1787 lpse
321 1714 431 1764 autem
446 1698 555 1762 invitae
567 1698 633 1779 jana
648 1699 795 1765 Pallados
809 1700 904 1790 erigit
918 1722 1005 1784 aras,

235 1811 354 1900 Incipit
370 1811 476 1878 Idaliae
493 1834 617 1877 numen
635 1835 696 1877 nec
711 1833 864 1902 spernere
878 1811 971 1879 divae.
1220 1833 1258 1872 ns

236 1928 466 2016 Praecipueque
479 1928 550 2012 sui,
575 1928 602 1992 si
620 1927 772 2017 quando,
789 1929 822 1992 in
842 1945 989 2018 ternpore
1004 1929 1141 2016 pulcher

237 2043 389 2134 Conjugii
406 2043 534 2132 Minyas
550 2065 731 2132 numquam
746 2043 847 2133 magis
859 2045 980 2110 eminet
996 2046 1102 2111 inter:
1118 2037 1121 2042 ¹

238 2157 351 2240 Qualis
369 2157 548 2248 sangiuneo
563 2157 667 2223 victor
683 2157 844 2225 Gradivus
860 2159 901 2223 ab
920 2159 1032 2226 Hebro

226 2401 280 2448 ard.
298 2404 413 2448 nomm.
424 2403 514 2448 Bonos.
526 2400 580 2447 cod.
592 2402 657 2446 tant
669 2401 755 2447 Mases.
766 2399 820 2447 ttd.
834 2401 936 2464 lingent.
952 2401 1017 2450 om.
1031 2427 1063 2438 -
1075 2417 1130 2466 nro.
1141 2403 1262 2452 numm,

195 2481 271 2532 vnte.
282 2484 372 2531 llonom
383 2481 454 2528 codd.
468 2482 581 2528 Bouoml
595 2489 618 2526 et
629 2481 661 2527 11.
676 2482 741 2528 lant.
756 2480 810 2528 Ald.
827 2483 928 2543 Engsut.
942 2483 1038 2530 Alanos.
1058 2484 1143 2530 Mater.
1162 2509 1193 2522 -
1208 2493 1263 2542 anst

196 2563 259 2626 Ipse.
272 2561 348 2610 codd.
362 2570 386 2608 et
394 2560 450 2608 edd.
463 2560 577 2622 usquead
588 2560 668 2607 lleins.
681 2563 736 2623 Ipsa
746 2576 816 2607 nunt.
828 2562 918 2608 Bonum
930 2561 984 2610 cod.
1001 2564 1117 2625 Innupta.
1129 2565 1221 2612 Bonum
1232 2565 1264 2611 tt.

196 2665 228 2676 -
243 2639 297 2689 aad.
310 2643 393 2690 Victor
402 2639 468 2688 abest
478 2655 492 2687 a
502 2639 555 2688 rod.
565 2638 642 2688 Vatis.
655 2640 700 2687 En.

198 2867 355 2937 signficavit,
371 2866 398 2918 in
408 2885 440 2920 eo
454 2877 543 2920 tamen
559 2865 651 2920 lelellit
664 2884 710 2936 gs·
754 2880 785 2918 ια
798 2877 904 2932 tamen,
920 2883 979 2937 quc
993 2865 1105 2936 innupta
1124 2865 1180 2936 ipsa
1198 2882 1267 2918 sem·

198 2959 317 3005 mentem,
329 2945 450 3012 tristem,
463 2957 493 2998 ut
505 2949 543 2998 ad
553 2946 708 3006 Haemonios,
754 2963 854 3017 perque
861 2944 936 3016 virgo
947 2957 973 2997 et
984 2943 1097 2997 aliarum
1106 2943 1204 3016 nuptiis
1213 2963 1268 2997 non

199 3023 712 3097 'l'hessalirefflontesconspicieudossun
756 3023 861 3077 favebat
871 3023 1045 3092 (Bononiensi
1056 3021 1166 3076 editioni
1175 3021 1270 3076 adscri-

196 3123 257 3172 gere
271 3104 427 3178 vultumque
439 3105 558 3158 attollere
568 3109 712 3158 torrerent.
756 3115 831 3178 ptum
844 3103 894 3156 tuit
903 3106 1026 3173 innupte,
1035 3102 1108 3175 quod
1116 3105 1196 3156 invita
1205 3118 1268 3173 prte-

200 3181 323 3236 -Haud
339 3184 393 3237 scio
409 3204 444 3237 an
458 3184 567 3258 puerilis
577 3183 622 3237 ille
635 3182 714 3236 dolus
756 3181 894 3250 tulerim),
907 3181 1001 3256 incipit
1017 3185 1108 3235 Idale'oe
1127 3185 1204 3242 diva,
1216 3182 1269 3235 Ve-

200 3261 282 3334 epicm
293 3261 416 3334 dignitati
429 3264 492 3318 satis
503 3264 650 3318 conveniat.
662 3263 714 3316 Eu.
758 3263 828 3316 neris
838 3300 847 3325 ‚
857 3281 907 3314 non
917 3281 1042 3332 spernere,
1055 3261 1160 3327 colere,
1170 3279 1271 3312 numen.

240 3359 297 3411 ²¹7·
308 3343 345 3394 Ex
356 3343 398 3396 his
414 3344 495 3417 igitur
508 3343 627 3398 Asiaticis
640 3343 716 3406 Ponti
796 3345 855 3396 226.
877 3342 974 3396 Sensus
992 3340 1092 3403 facilis,
1112 3341 1135 3394 si
1154 3351 1225 3396 recte
1245 3338 1273 3391 in

201 3420 485 3496 Euxinilitoribusjam
494 3443 590 3477 navem
599 3421 718 3494 dirigunt
760 3421 880 3476 ordinem
899 3421 978 3475 verba
1001 3438 1096 3493 cogas:
1114 3419 1143 3474 Si
1165 3417 1274 3493 quando

201 3499 444 3572 Eumpam'versus
462 3503 577 3574 Istrique
595 3503 671 3555 ostia.
760 3500 840 3554 lason
850 3500 917 3553 inter
928 3511 1034 3554 ceteros
1042 3496 1275 3571 Argonautaspnl·

240 3599 300 3633 sno.
312 3584 413 3634 Resides
427 3601 514 3644 emas,
525 3580 643 3635 residuas
658 3591 717 3658 post
761 3577 914 3633 claritudine
931 3578 1059 3640 eminuit,
1080 3579 1212 3652 precipue
1233 3588 1273 3630 ts·

202 3671 258 3713 tam
270 3659 372 3714 felicem
383 3680 398 3715 e
411 3660 538 3714 Colchide
547 3661 638 3732 fugam
649 3696 658 3724 ,
669 3661 718 3711 sol·
761 3677 840 3725 men,
855 3675 994 3729 nunquam
1003 3656 1087 3729 magis
1097 3695 1105 3721 ,
1115 3675 1197 3729 quam
1209 3669 1275 3710 tem·

203 3759 275 3801 rere,
296 3757 327 3793 ac
346 3739 464 3812 primum
479 3759 559 3794 ausus
578 3751 616 3794 est
633 3737 718 3793 celata
762 3756 827 3811 pore
837 3737 949 3788 eminuit
962 3737 1077 3809 conjugii
1092 3737 1141 3790 sui.

203 3830 280 3871 antea
291 3839 336 3870 sua
341 3833 433 3887 pacta,
445 3818 560 3892 conjugii
574 3817 654 3872 tidem
662 3817 718 3870 Me·
799 3815 926 3872 2²8.Non
933 3834 1008 3868 secus
1017 3833 1048 3869 ac
1056 3815 1277 3882 ansianum,

203 3895 260 3950 dem
280 3895 386 3962 datam,
409 3902 498 3950 docere
517 3901 608 3960 socios,
627 3897 720 3970 quiet
762 3897 795 3947 ab
811 3897 891 3948 Helm
911 3897 1060 3962 sanguineo,
1083 3913 1114 3948 ex
1133 3892 1279 3965 pruliim
1302 3903 1307 3914 “

204 3977 258 4031 luti
273 3975 412 4044 audivere,
426 3980 585 4046 meritamque
590 3979 718 4048 fatentur.
763 3975 897 4038 Thracia,
915 3974 960 4026 ubi
977 3973 1063 4027 cultus
1083 3971 1205 4044 inprimis
1227 3969 1277 4025 do-

126 4104 131 4114 .
242 4059 721 4131 nst-242.Necmora,paranturnu·
763 4053 893 4108 micilium
903 4051 1003 4106 hebere
1011 4051 1180 4114 credebatur,
1192 4052 1282 4110 uicem,

205 4135 277 4208 ptine.
289 4143 345 4204 Ipse
352 4137 433 4190 Jason
440 4140 556 4189 Pallados
567 4139 640 4205 erigit
648 4155 716 4196 aras,
757 4135 843 4204 suno,
860 4132 967 4196 furtim,
984 4131 1077 4203 ignm
1090 4129 1230 4196 Vulcano,
1243 4127 1279 4184 ad

207 4215 303 4290 gratias
314 4214 423 4288 quidem
442 4217 497 4288 agit
510 4234 583 4270 saera
596 4215 723 4268 Minervas
766 4213 900 4266 Venerem
915 4211 974 4264 visit
984 4227 1062 4279 ,mox
1080 4212 1142 4260 snba't
1156 4212 1278 4268 Idalirun,

207 4291 330 4348 faciendo
339 4333 348 4360 ,
358 4294 403 4348 cui
414 4305 520 4348 tantum
529 4293 652 4359 deberet,
664 4293 725 4346 invi·
768 4304 885 4347 montem
895 4291 993 4366 Cypri,
1006 4307 1068 4343 mox
1076 4291 1179 4350 dilecta,
1190 4285 1280 4346 Marti,
