3226 5120
397 553 460 629 sos
774 547 1067 614 CATALOGus

395 691 481 756 stro,
499 673 589 762 quod
612 675 664 737 vix
686 689 778 761 puto.
800 673 920 736 Seneca
942 691 1076 759 quoque
1096 672 1130 735 in
1152 669 1282 753 Medea,
1300 690 1346 738 rs.
1366 671 1447 738 635:

584 805 659 857 Patre
670 803 792 876 Neptuno
805 803 920 874 genitum
933 803 1051 869 necavit,

587 895 696 946 Sumere
706 893 857 944 innumeras
866 885 971 944 solitum
985 893 1088 962 ligures.

395 1016 475 1084 Vide
492 1017 524 1082 in
545 1015 660 1096 Nelea,
686 1017 742 1104 qui
764 1013 905 1103 Neptuni
923 1010 1006 1079 filius
1024 1017 1214 1080 censebatur
1229 1043 1248 1080 a
1267 1017 1392 1100 multis,
1411 1037 1449 1084 ut

392 1121 550 1204 vidimus,
561 1138 593 1185 et
606 1119 683 1186 hinc
696 1135 810 1185 auctor
823 1121 1027 1186 Neleidarunr
1041 1121 1210 1210 Neptunus
1221 1121 1367 1203 habitus,
1381 1121 1446 1190 vid.

392 1229 506 1306 Schol.¹
518 1227 665 1304 Pindari,
683 1228 847 1314 Pyth.1V‚
868 1227 948 1315 309,
967 1243 999 1290 et
1013 1227 1106 1291 Ovid.
1122 1229 1199 1292 Met.
1212 1229 1296 1307 xit,
1316 1227 1399 1312 556;
1416 1247 1449 1294 et

393 1351 479 1398 recte
498 1355 594 1397 avum
617 1333 824 1418 Periclymeni
847 1333 1034 1420 Neptunum
1058 1333 1132 1396 lacit
1149 1333 1293 1416 Tzetzes,
1312 1333 1447 1398 Chiliad.

394 1441 440 1521 ΙΙ,
455 1439 508 1519 45,
526 1455 558 1502 et
570 1437 760 1502 Scholiastes
775 1435 920 1518 Pindari,
934 1437 1008 1501 licet
1019 1435 1177 1516 Pindarus
1190 1461 1264 1501 eum
1277 1436 1448 1526 Euphemo

393 1545 592 1633 conjungens
609 1541 754 1607 videatur
765 1541 908 1630 Neptuni
925 1541 1024 1607 lilium
1039 1539 1219 1607 credidisse.
1230 1540 1277 1606 Ex
1290 1543 1353 1606 hoe
1365 1541 1450 1606 Peri·

394 1649 533 1736 &lymerun
552 1647 765 1713 descendebat
782 1645 992 1728 Manutius,
1013 1663 1103 1736 pater
1119 1646 1234 1728 Codri,
1256 1663 1292 1710 ut
1309 1647 1449 1711 ostendit

395 1751 574 1836 Meursius,
594 1751 635 1817 de
651 1755 728 1841 Reg.
746 1753 863 1817 Athen.
881 1751 935 1816 lib.
954 1754 1014 1833 ΙΙΙ,
1031 1773 1099 1840 cap.
1119 1775 1167 1816 to.
1185 1749 1356 1840 Neptunus
1372 1775 1448 1816 vero

394 1885 458 1948 prae
474 1861 595 1924 caeteris
614 1857 754 1924 Neleidis
775 1855 863 1922 hunc
883 1853 1127 1944 Pen'clymenum
1148 1849 1293 1922 dilexisse
1315 1856 1448 1937 dicitur,

395 1983 427 2028 et
440 1963 606 2028 decorasse
622 1985 771 2045 munere,
787 1979 825 2026 ut
841 1985 875 2028 se
890 1979 998 2051 posset
1013 1979 1137 2027 vertere
1151 1965 1183 2026 in
1201 1961 1301 2027 varias
1319 1961 1449 2052 figuras,

395 2067 483 2156 quod
497 2067 630 2133 Ovidius
644 2085 676 2136 et
692 2069 798 2132 Schol.
811 2067 959 2156 Apollon.
975 2069 993 2132 Ι.
1012 2071 1030 2131 Ι.
1049 2066 1185 2150 docent,
1202 2069 1234 2130 in
1252 2067 1338 2132 bello
1356 2089 1449 2147 vero,

396 2197 461 2262 quo
480 2191 569 2262 pater
583 2171 651 2254 ejus
668 2195 839 2262 oppressus
855 2173 917 2236 fuit
934 2173 974 2236 ab
992 2173 1142 2254 Hercule,
1159 2196 1261 2261 quum
1278 2195 1312 2236 se
1328 2173 1360 2236 in
1376 2195 1449 2235 mu·

395 2301 480 2343 scam
498 2280 724 2360 convertisset,
740 2277 826 2342 clave
840 2277 901 2340 luit
913 2278 1048 2360 occisus,
1059 2277 1239 2343 secundum
1253 2277 1449 2342 Scholiasten

396 2385 528 2448 dictum.
547 2383 679 2448 Ovidius
696 2405 772 2450 vero
789 2383 1044 2471 verisimiliuslr)
1055 2383 1088 2447 in
1104 2383 1244 2472 aquilam
1259 2405 1449 2448 conversum

397 2489 518 2578 sagittis
531 2489 571 2551 ab
586 2487 722 2553 Hercule
739 2491 923 2554 conlectum
942 2487 1046 2552 tradit.
1064 2487 1112 2551 Ad
1128 2487 1194 2552 illas
1210 2485 1451 2576 Metamorpho-
1482 2493 1489 2512 '

398 2615 447 2656 ses
463 2595 593 2682 respicit
608 2593 743 2656 Severus
760 2594 901 2680 sophista
918 2593 950 2655 in
968 2593 1122 2680 excerptis
1136 2591 1303 2656 rhetorum
1317 2591 1448 2672 Allotri',

398 2721 469 2788 pag.
484 2697 556 2763 231.

442 2869 684 2950 PRALERUS,
704 2871 833 2934 Aleom's
853 2869 952 2952 lilius,
972 2871 1191 2950 Atheniensis,
1212 2871 1361 2935 omnibus
1383 2893 1453 2934 me·
1550 2942 1558 2950 ,

400 2989 561 3053 moratus3
580 2975 729 3060 Apollon.
746 2975 778 3053 Ι,
794 2975 856 3059 9⁶5
875 2975 1023 3062 Orpheo,
1047 2979 1124 3058 1423
1139 2975 1264 3040 Valerio
1279 2975 1410 3056 Flacco,
1425 2977 1453 3056 Ι,

402 3080 475 3164 398.
493 3079 597 3142 Alcon
619 3103 635 3140 a
661 3079 836 3144 Scholiaste
855 3080 1018 3168 Apollonii
1039 3079 1157 3146 dicitur
1177 3081 1260 3146 filius
1282 3080 1454 3144 Erechthei

401 3183 483 3270 regis
502 3183 767 3264 Atheniensium
787 3183 872 3248 unde
889 3187 1016 3250 Acteeus
1034 3185 1189 3250 Phalerei
1210 3202 1343 3250 vocatur
1359 3207 1377 3248 e
1393 3183 1454 3248 Va·

402 3287 499 3368 lerio,
517 3285 634 3368 lib.v1‚
655 3311 728 3374 217.
741 3291 836 3352 Hune
849 3289 1001 3352 Alconem
1012 3289 1094 3354 forte
1105 3292 1277 3379 respexerit
1289 3289 1453 3379 Virgilius,

403 3392 467 3456 Ecl.
482 3392 526 3456 V:

413 3545 416 3552 ,
543 3507 595 3556 Aut
607 3505 712 3560 Alconis
726 3507 805 3558 hebes
815 3507 919 3572 laudes,
933 3518 977 3560 aut
985 3507 1073 3579 jurgia
1086 3506 1175 3560 Codri.

404 3644 440 3705 ln
460 3667 526 3729 quo
540 3645 752 3708 verisimiliter
763 3648 840 3709 latet
856 3647 986 3734 aliquod
997 3649 1160 3735 egregium
1171 3645 1304 3710 Alconis
1316 3647 1454 3726 facinus,

439 3839 477 3904 (r)
496 3837 671 3890 verisimilius
693 3839 795 3910 inquis!
822 3859 874 3892 uon
893 3842 1001 3904 abnuo;
1025 3839 1070 3894 sed
1089 3841 1178 3894 faciles
1197 3839 1339 3912 explicatus
1359 3839 1459 3892 hebere

405 3936 499 3977 neutro
518 3925 654 3978 conversio
673 3925 739 3978 mihi
756 3926 874 3990 videtum
892 3940 1002 4000 utraque
1020 3928 1117 3999 pariter
1134 3927 1216 3982 menti
1233 3939 1377 3999 repugnat:
1396 3939 1422 3979 et
1436 3927 1460 3980 si

407 4011 466 4064 telin
486 4030 534 4064 nos
550 4014 577 4063 in
593 4012 711 4064 medium
724 4015 878 4068 affirmanda
890 4017 1102 4087 protulissemus,
1113 4035 1193 4088 quern
1208 4033 1300 4068 vereor
1308 4033 1350 4080 ne,
1360 4025 1389 4066 ut
1398 4032 1459 4086 sup.

407 4117 433 4170 p.
446 4101 506 4170 377,
518 4099 717 4164 exclamaveris,
723 4105 808 4170 fatale
819 4121 875 4156 esse
886 4107 964 4156 Gallis
976 4107 1097 4156 hominnm
1111 4124 1215 4174 corporet
1228 4107 1253 4154 r'n
1268 4123 1323 4154 aves
1339 4103 1461 4171 tramfhr·

382 4221 387 4232 ,-
407 4205 493 4247 mare,
515 4185 565 4240 uisi
582 4189 649 4240 sorte
661 4205 709 4257 pro
723 4189 795 4242 varia
808 4192 925 4262 gentium
944 4191 1033 4246 indole
1047 4192 1143 4245 ranam
1156 4211 1211 4245 esse
1223 4192 1278 4244 veri
1291 4191 1404 4262 speciem
1416 4201 1462 4242 eut

406 4272 486 4328 fldem
500 4273 547 4328 tihi
557 4274 676 4346 judicare
688 4275 808 4338 libuerit!
819 4279 867 4333 Eo.
