<?xml version="1.0" encoding="UTF-8"?>
<!DOCTYPE html PUBLIC "-//W3C//DTD XHTML 1.0 Transitional//EN"
    "http://www.w3.org/TR/xhtml1/DTD/xhtml1-transitional.dtd">
<html xmlns="http://www.w3.org/1999/xhtml" xml:lang="en" lang="en">
 <head>
  <title>
</title>
<meta http-equiv="Content-Type" content="text/html;charset=utf-8" />
  <meta name='ocr-system' content='tesseract 3.04.00' />
  <meta name='ocr-capabilities' content='ocr_page ocr_carea ocr_par ocr_line ocrx_word'/>
</head>
<body>
  <div class='ocr_page' id='page_1' title='image "./cvaleriiflaccis01apolgoog_0305.png"; bbox 0 0 3150 5126; ppageno 0'>
   <div class='ocr_carea' id='block_1_1' title="bbox 403 429 1030 556">
    <p class='ocr_par' dir='ltr' id='par_1_1' title="bbox 403 429 1030 556">
     <span class='ocr_line' id='line_1_1' title="bbox 403 429 1030 556; baseline -0.003 -14"><span class='ocrx_word' id='word_1_1' title='bbox 403 477 466 556; x_wconf 69' lang='lat'><strong>304</strong></span> <span class='ocrx_word' id='word_1_2' title='bbox 530 429 535 446; x_wconf 58' lang='lat'>⁸</span> <span class='ocrx_word' id='word_1_3' title='bbox 839 475 1030 542; x_wconf 81' lang='lat' dir='ltr'><strong>orrum</strong></span> 
     </span>
    </p>
   </div>
   <div class='ocr_carea' id='block_1_2' title="bbox 433 605 1448 4250">
    <p class='ocr_par' dir='ltr' id='par_1_2' title="bbox 433 605 1448 4250">
     <span class='ocr_line' id='line_1_2' title="bbox 447 605 1382 698; baseline -0.004 -24"><span class='ocrx_word' id='word_1_4' title='bbox 447 612 657 698; x_wconf 89' lang='lat' dir='ltr'><strong>Heroumque</strong></span> <span class='ocrx_word' id='word_1_5' title='bbox 672 609 812 686; x_wconf 88' lang='lat' dir='ltr'><strong>animas,</strong></span> <span class='ocrx_word' id='word_1_6' title='bbox 836 625 999 698; x_wconf 87' lang='lat' dir='ltr'><strong>quotquot</strong></span> <span class='ocrx_word' id='word_1_7' title='bbox 1017 629 1076 697; x_wconf 88' lang='lat' dir='ltr'><strong>per</strong></span> <span class='ocrx_word' id='word_1_8' title='bbox 1093 605 1213 672; x_wconf 86' lang='lat' dir='ltr'><strong>flmnen</strong></span> <span class='ocrx_word' id='word_1_9' title='bbox 1230 608 1382 690; x_wconf 85' lang='lat' dir='ltr'><strong>oberrant.</strong></span> 
     </span>
     <span class='ocr_line' id='line_1_3' title="bbox 488 723 1438 806; baseline -0.001 -18"><span class='ocrx_word' id='word_1_10' title='bbox 488 723 568 788; x_wconf 90' lang='lat' dir='ltr'><strong>lnde</strong></span> <span class='ocrx_word' id='word_1_11' title='bbox 585 725 651 790; x_wconf 86' lang='lat' dir='ltr'><strong>suis</strong></span> <span class='ocrx_word' id='word_1_12' title='bbox 668 724 793 806; x_wconf 84' lang='lat' dir='ltr'><strong>jubete</strong></span> <span class='ocrx_word' id='word_1_13' title='bbox 809 724 955 790; x_wconf 77' lang='lat' dir='ltr'><strong>thalamis</strong></span> <span class='ocrx_word' id='word_1_14' title='bbox 970 723 1123 790; x_wconf 89' lang='lat' dir='ltr'><strong>accedere</strong></span> <span class='ocrx_word' id='word_1_15' title='bbox 1139 739 1242 806; x_wconf 86' lang='lat' dir='ltr'><strong>natas,</strong></span> <span class='ocrx_word' id='word_1_16' title='bbox 1407 735 1438 787; x_wconf 56' lang='grc' dir='ltr'><strong>τῦ</strong></span> 
     </span>
     <span class='ocr_line' id='line_1_4' title="bbox 447 835 1386 930; baseline -0.006 -24"><span class='ocrx_word' id='word_1_17' title='bbox 447 839 674 928; x_wconf 85' lang='lat' dir='ltr'><strong>Chalciopem,</strong></span> <span class='ocrx_word' id='word_1_18' title='bbox 690 854 723 905; x_wconf 90' lang='lat' dir='ltr'><strong>et</strong></span> <span class='ocrx_word' id='word_1_19' title='bbox 742 855 833 905; x_wconf 87' lang='lat' dir='ltr'><strong>natos</strong></span> <span class='ocrx_word' id='word_1_20' title='bbox 845 839 976 930; x_wconf 80' lang='lat' dir='ltr'><strong>Phryxo</strong></span> <span class='ocrx_word' id='word_1_21' title='bbox 990 841 1054 922; x_wconf 85' lang='lat' dir='ltr'><strong>jam</strong></span> <span class='ocrx_word' id='word_1_22' title='bbox 1070 839 1209 930; x_wconf 81' lang='lat' dir='ltr'><strong>conjuge</strong></span> <span class='ocrx_word' id='word_1_23' title='bbox 1227 835 1386 926; x_wconf 88' lang='lat' dir='ltr'><strong>adempto,</strong></span> 
     </span>
     <span class='ocr_line' id='line_1_5' title="bbox 445 951 1275 1044; baseline 0 -28"><span class='ocrx_word' id='word_1_24' title='bbox 445 953 486 1016; x_wconf 89' lang='lat' dir='ltr'><strong>Et</strong></span> <span class='ocrx_word' id='word_1_25' title='bbox 499 968 643 1017; x_wconf 80' lang='lat' dir='ltr'><strong>teneram</strong></span> <span class='ocrx_word' id='word_1_26' title='bbox 658 952 760 1018; x_wconf 83' lang='lat' dir='ltr'><strong>forma</strong></span> <span class='ocrx_word' id='word_1_27' title='bbox 774 953 949 1044; x_wconf 82' lang='lat' dir='ltr'>insignem,</span> <span class='ocrx_word' id='word_1_28' title='bbox 965 955 1139 1042; x_wconf 82' lang='lat' dir='ltr'><strong>vultusque</strong></span> <span class='ocrx_word' id='word_1_29' title='bbox 1155 951 1275 1017; x_wconf 78' lang='lat' dir='ltr'><strong>rubore</strong></span> 
     </span>
     <span class='ocr_line' id='line_1_6' title="bbox 443 1065 1259 1148; baseline -0.002 -16"><span class='ocrx_word' id='word_1_30' title='bbox 443 1065 610 1148; x_wconf 83' lang='lat' dir='ltr'><strong>Medeam,</strong></span> <span class='ocrx_word' id='word_1_31' title='bbox 626 1083 664 1132; x_wconf 91' lang='lat' dir='ltr'><strong>ut</strong></span> <span class='ocrx_word' id='word_1_32' title='bbox 676 1089 774 1132; x_wconf 80' lang='lat' dir='ltr'><strong>curru</strong></span> <span class='ocrx_word' id='word_1_33' title='bbox 795 1081 893 1131; x_wconf 75' lang='lat' dir='ltr'><strong>vectae</strong></span> <span class='ocrx_word' id='word_1_34' title='bbox 907 1067 1105 1132; x_wconf 83' lang='lat' dir='ltr'><strong>comitentur</strong></span> <span class='ocrx_word' id='word_1_35' title='bbox 1117 1081 1259 1130; x_wconf 87' lang='lat' dir='ltr'><strong>euntem.</strong></span> 
     </span>
     <span class='ocr_line' id='line_1_7' title="bbox 443 1177 1371 1269; baseline -0.005 -23"><span class='ocrx_word' id='word_1_36' title='bbox 443 1181 527 1246; x_wconf 87' lang='lat' dir='ltr'><strong>Nam</strong></span> <span class='ocrx_word' id='word_1_37' title='bbox 542 1179 647 1246; x_wconf 89' lang='lat' dir='ltr'><strong>media</strong></span> <span class='ocrx_word' id='word_1_38' title='bbox 660 1179 819 1269; x_wconf 76' lang='lat' dir='ltr'><strong>Absyrtus</strong></span> <span class='ocrx_word' id='word_1_39' title='bbox 834 1180 950 1268; x_wconf 90' lang='lat' dir='ltr'><strong>procul</strong></span> <span class='ocrx_word' id='word_1_40' title='bbox 966 1179 1044 1244; x_wconf 93' lang='lat' dir='ltr'><strong>hinc</strong></span> <span class='ocrx_word' id='word_1_41' title='bbox 1058 1178 1222 1247; x_wconf 77' lang='lat' dir='ltr'><strong>habitabat</strong></span> <span class='ocrx_word' id='word_1_42' title='bbox 1238 1181 1271 1243; x_wconf 91' lang='lat' dir='ltr'><strong>in</strong></span> <span class='ocrx_word' id='word_1_43' title='bbox 1287 1177 1371 1244; x_wconf 88' lang='lat' dir='ltr'><strong>urbe.</strong></span> 
     </span>
     <span class='ocr_line' id='line_1_8' title="bbox 444 1294 1443 1384; baseline -0.006 -21"><span class='ocrx_word' id='word_1_44' title='bbox 444 1300 571 1364; x_wconf 77' lang='lat' dir='ltr'><strong>aurem</strong></span> <span class='ocrx_word' id='word_1_45' title='bbox 587 1297 772 1384; x_wconf 83' lang='lat' dir='ltr'><strong>unaipsum</strong></span> <span class='ocrx_word' id='word_1_46' title='bbox 786 1319 900 1362; x_wconf 74' lang='lat' dir='ltr'><strong>marrus</strong></span> <span class='ocrx_word' id='word_1_47' title='bbox 917 1294 1206 1384; x_wconf 78' lang='lat' dir='ltr'><strong>natasqueferebat</strong></span> <span class='ocrx_word' id='word_1_48' title='bbox 1412 1319 1443 1358; x_wconf 86' lang='lat' dir='ltr'><strong>n·</strong></span> 
     </span>
     <span class='ocr_line' id='line_1_9' title="bbox 448 1408 1241 1500; baseline -0.003 -24"><span class='ocrx_word' id='word_1_49' title='bbox 448 1409 574 1476; x_wconf 85' lang='lat' dir='ltr'><strong>AEetem</strong></span> <span class='ocrx_word' id='word_1_50' title='bbox 586 1435 595 1493; x_wconf 88' lang='lat'>;</span> <span class='ocrx_word' id='word_1_51' title='bbox 609 1409 663 1474; x_wconf 91' lang='lat' dir='ltr'><strong>hic</strong></span> <span class='ocrx_word' id='word_1_52' title='bbox 680 1408 793 1500; x_wconf 87' lang='lat' dir='ltr'><strong>rapido</strong></span> <span class='ocrx_word' id='word_1_53' title='bbox 804 1432 902 1485; x_wconf 79' lang='lat' dir='ltr'><strong>eursu</strong></span> <span class='ocrx_word' id='word_1_54' title='bbox 917 1409 1063 1474; x_wconf 87' lang='lat' dir='ltr'><strong>sublimis</strong></span> <span class='ocrx_word' id='word_1_55' title='bbox 1082 1431 1241 1499; x_wconf 88' lang='lat' dir='ltr'><strong>equorum</strong></span> 
     </span>
     <span class='ocr_line' id='line_1_10' title="bbox 441 1497 1201 1606; baseline -0.004 -17"><span class='ocrx_word' id='word_1_56' title='bbox 441 1526 558 1590; x_wconf 86' lang='lat' dir='ltr'><strong>Fertur</strong></span> <span class='ocrx_word' id='word_1_57' title='bbox 573 1521 744 1588; x_wconf 90' lang='lat' dir='ltr'><strong>arundinei</strong></span> <span class='ocrx_word' id='word_1_58' title='bbox 766 1497 874 1589; x_wconf 75' lang='lat' dir='ltr'><strong>falices</strong></span> <span class='ocrx_word' id='word_1_59' title='bbox 897 1521 938 1588; x_wconf 91' lang='lat' dir='ltr'><strong>ad</strong></span> <span class='ocrx_word' id='word_1_60' title='bbox 954 1513 1096 1589; x_wconf 84' lang='lat' dir='ltr'><strong>fluminis</strong></span> <span class='ocrx_word' id='word_1_61' title='bbox 1109 1546 1119 1606; x_wconf 81' lang='lat'>3</span> <span class='ocrx_word' id='word_1_62' title='bbox 1135 1521 1201 1586; x_wconf 90' lang='lat' dir='ltr'><strong>illic</strong></span> 
     </span>
     <span class='ocr_line' id='line_1_11' title="bbox 441 1637 1236 1730; baseline -0.004 -25"><span class='ocrx_word' id='word_1_63' title='bbox 441 1641 539 1706; x_wconf 85' lang='lat' dir='ltr'><strong>Ferre</strong></span> <span class='ocrx_word' id='word_1_64' title='bbox 554 1661 666 1730; x_wconf 85' lang='lat' dir='ltr'><strong>preces</strong></span> <span class='ocrx_word' id='word_1_65' title='bbox 683 1639 792 1730; x_wconf 84' lang='lat' dir='ltr'><strong>patriis</strong></span> <span class='ocrx_word' id='word_1_66' title='bbox 808 1637 905 1704; x_wconf 89' lang='lat' dir='ltr'><strong>undis</strong></span> <span class='ocrx_word' id='word_1_67' title='bbox 923 1655 956 1704; x_wconf 91' lang='lat' dir='ltr'><strong>et</strong></span> <span class='ocrx_word' id='word_1_68' title='bbox 972 1661 1061 1704; x_wconf 89' lang='lat' dir='ltr'><strong>sacra</strong></span> <span class='ocrx_word' id='word_1_69' title='bbox 1080 1637 1236 1704; x_wconf 91' lang='lat' dir='ltr'><strong>solebant.</strong></span> 
     </span>
     <span class='ocr_line' id='line_1_12' title="bbox 487 1751 1259 1843; baseline -0.006 -24"><span class='ocrx_word' id='word_1_70' title='bbox 487 1754 552 1819; x_wconf 84' lang='lat' dir='ltr'><strong>llas</strong></span> <span class='ocrx_word' id='word_1_71' title='bbox 565 1768 674 1819; x_wconf 87' lang='lat' dir='ltr'><strong>autem</strong></span> <span class='ocrx_word' id='word_1_72' title='bbox 695 1751 735 1818; x_wconf 93' lang='lat' dir='ltr'><strong>ad</strong></span> <span class='ocrx_word' id='word_1_73' title='bbox 751 1753 836 1843; x_wconf 89' lang='lat' dir='ltr'><strong>ripas</strong></span> <span class='ocrx_word' id='word_1_74' title='bbox 850 1775 947 1818; x_wconf 89' lang='lat' dir='ltr'><strong>cursu</strong></span> <span class='ocrx_word' id='word_1_75' title='bbox 962 1768 1151 1842; x_wconf 83' lang='lat' dir='ltr'><strong>pervenerat</strong></span> <span class='ocrx_word' id='word_1_76' title='bbox 1162 1753 1259 1842; x_wconf 83' lang='lat' dir='ltr'><strong>Argo.</strong></span> 
     </span>
     <span class='ocr_line' id='line_1_13' title="bbox 441 1866 1444 1958; baseline -0.001 -27"><span class='ocrx_word' id='word_1_77' title='bbox 441 1867 533 1932; x_wconf 91' lang='lat' dir='ltr'><strong>Hanc</strong></span> <span class='ocrx_word' id='word_1_78' title='bbox 549 1889 626 1958; x_wconf 85' lang='lat' dir='ltr'><strong>ergo</strong></span> <span class='ocrx_word' id='word_1_79' title='bbox 639 1867 750 1934; x_wconf 88' lang='lat' dir='ltr'><strong>AEetes</strong></span> <span class='ocrx_word' id='word_1_80' title='bbox 767 1867 953 1956; x_wconf 77' lang='lat' dir='ltr'><strong>conspexit,</strong></span> <span class='ocrx_word' id='word_1_81' title='bbox 974 1883 1007 1932; x_wconf 92' lang='lat' dir='ltr'><strong>et</strong></span> <span class='ocrx_word' id='word_1_82' title='bbox 1022 1866 1135 1931; x_wconf 87' lang='lat' dir='ltr'><strong>ordine</strong></span> <span class='ocrx_word' id='word_1_83' title='bbox 1148 1867 1268 1932; x_wconf 89' lang='lat' dir='ltr'><strong>multos</strong></span> <span class='ocrx_word' id='word_1_84' title='bbox 1413 1881 1444 1934; x_wconf 65' lang='lat' dir='ltr'><strong>nt</strong></span> 
     </span>
     <span class='ocr_line' id='line_1_14' title="bbox 441 1979 1184 2062; baseline -0.003 -16"><span class='ocrx_word' id='word_1_85' title='bbox 441 1982 564 2046; x_wconf 84' lang='lat' dir='ltr'><strong>Heroas</strong></span> <span class='ocrx_word' id='word_1_86' title='bbox 580 2004 645 2046; x_wconf 91' lang='lat' dir='ltr'><strong>uua</strong></span> <span class='ocrx_word' id='word_1_87' title='bbox 659 1983 694 2046; x_wconf 92' lang='lat' dir='ltr'><strong>in</strong></span> <span class='ocrx_word' id='word_1_88' title='bbox 709 1979 823 2046; x_wconf 91' lang='lat' dir='ltr'><strong>mediis</strong></span> <span class='ocrx_word' id='word_1_89' title='bbox 837 1979 1006 2047; x_wconf 87' lang='lat' dir='ltr'><strong>considere</strong></span> <span class='ocrx_word' id='word_1_90' title='bbox 1021 1982 1184 2062; x_wconf 83' lang='lat' dir='ltr'><strong>transtris,</strong></span> 
     </span>
     <span class='ocr_line' id='line_1_15' title="bbox 441 2093 1395 2185; baseline -0.006 -25"><span class='ocrx_word' id='word_1_91' title='bbox 441 2094 499 2161; x_wconf 86' lang='lat' dir='ltr'><strong>Dis</strong></span> <span class='ocrx_word' id='word_1_92' title='bbox 516 2096 655 2160; x_wconf 89' lang='lat' dir='ltr'><strong>similes:</strong></span> <span class='ocrx_word' id='word_1_93' title='bbox 673 2119 748 2160; x_wconf 91' lang='lat' dir='ltr'><strong>nam</strong></span> <span class='ocrx_word' id='word_1_94' title='bbox 762 2110 894 2185; x_wconf 87' lang='lat' dir='ltr'><strong>pectora</strong></span> <span class='ocrx_word' id='word_1_95' title='bbox 912 2111 1004 2160; x_wconf 90' lang='lat' dir='ltr'><strong>eraut</strong></span> <span class='ocrx_word' id='word_1_96' title='bbox 1015 2117 1073 2160; x_wconf 87' lang='lat' dir='ltr'><strong>sua</strong></span> <span class='ocrx_word' id='word_1_97' title='bbox 1089 2093 1256 2184; x_wconf 89' lang='lat' dir='ltr'><strong>splendida</strong></span> <span class='ocrx_word' id='word_1_98' title='bbox 1274 2094 1395 2181; x_wconf 91' lang='lat' dir='ltr'><strong>cuique.</strong></span> 
     </span>
     <span class='ocr_line' id='line_1_16' title="bbox 438 2208 1383 2298; baseline -0.001 -25"><span class='ocrx_word' id='word_1_99' title='bbox 438 2210 563 2276; x_wconf 80' lang='lat' dir='ltr'><strong>Verum</strong></span> <span class='ocrx_word' id='word_1_100' title='bbox 579 2211 664 2274; x_wconf 91' lang='lat' dir='ltr'><strong>inter</strong></span> <span class='ocrx_word' id='word_1_101' title='bbox 680 2225 815 2274; x_wconf 91' lang='lat' dir='ltr'><strong>cunctos</strong></span> <span class='ocrx_word' id='word_1_102' title='bbox 827 2227 981 2298; x_wconf 80' lang='lat' dir='ltr'><strong>praestans</strong></span> <span class='ocrx_word' id='word_1_103' title='bbox 994 2208 1117 2274; x_wconf 87' lang='lat' dir='ltr'><strong>excellit</strong></span> <span class='ocrx_word' id='word_1_104' title='bbox 1134 2210 1228 2273; x_wconf 89' lang='lat' dir='ltr'><strong>lason</strong></span> <span class='ocrx_word' id='word_1_105' title='bbox 1244 2231 1251 2272; x_wconf 91' lang='lat'><strong>:</strong></span> <span class='ocrx_word' id='word_1_106' title='bbox 1380 2243 1383 2252; x_wconf 47' lang='lat' dir='ltr'>v</span> 
     </span>
     <span class='ocr_line' id='line_1_17' title="bbox 441 2322 1269 2407; baseline -0.007 -13"><span class='ocrx_word' id='word_1_107' title='bbox 441 2326 526 2394; x_wconf 86' lang='lat' dir='ltr'><strong>Huic</strong></span> <span class='ocrx_word' id='word_1_108' title='bbox 543 2326 662 2390; x_wconf 85' lang='lat' dir='ltr'><strong>etenim</strong></span> <span class='ocrx_word' id='word_1_109' title='bbox 678 2325 765 2390; x_wconf 91' lang='lat' dir='ltr'><strong>luno</strong></span> <span class='ocrx_word' id='word_1_110' title='bbox 782 2323 928 2389; x_wconf 86' lang='lat' dir='ltr'><strong>divinum</strong></span> <span class='ocrx_word' id='word_1_111' title='bbox 947 2322 1068 2390; x_wconf 87' lang='lat' dir='ltr'><strong>afflarat</strong></span> <span class='ocrx_word' id='word_1_112' title='bbox 1090 2324 1269 2407; x_wconf 85' lang='lat' dir='ltr'><strong>honorem,</strong></span> 
     </span>
     <span class='ocr_line' id='line_1_18' title="bbox 441 2438 1446 2530; baseline -0.001 -25"><span class='ocrx_word' id='word_1_113' title='bbox 441 2443 482 2506; x_wconf 90' lang='lat' dir='ltr'><strong>Et</strong></span> <span class='ocrx_word' id='word_1_114' title='bbox 499 2438 632 2504; x_wconf 88' lang='lat' dir='ltr'><strong>dederat</strong></span> <span class='ocrx_word' id='word_1_115' title='bbox 649 2440 804 2522; x_wconf 79' lang='lat' dir='ltr'><strong>somnam,</strong></span> <span class='ocrx_word' id='word_1_116' title='bbox 820 2456 852 2504; x_wconf 85' lang='lat' dir='ltr'><strong>et</strong></span> <span class='ocrx_word' id='word_1_117' title='bbox 864 2461 998 2528; x_wconf 88' lang='lat' dir='ltr'><strong>pmcero</strong></span> <span class='ocrx_word' id='word_1_118' title='bbox 1017 2440 1049 2502; x_wconf 93' lang='lat' dir='ltr'><strong>in</strong></span> <span class='ocrx_word' id='word_1_119' title='bbox 1069 2459 1204 2530; x_wconf 87' lang='lat' dir='ltr'><strong>corpore</strong></span> <span class='ocrx_word' id='word_1_120' title='bbox 1223 2439 1335 2504; x_wconf 85' lang='lat' dir='ltr'><strong>robur.</strong></span> <span class='ocrx_word' id='word_1_121' title='bbox 1414 2455 1446 2492; x_wconf 76' lang='lat'><strong>⁸⁰⁶</strong></span> 
     </span>
     <span class='ocr_line' id='line_1_19' title="bbox 442 2553 1340 2644; baseline 0 -24"><span class='ocrx_word' id='word_1_122' title='bbox 442 2557 555 2639; x_wconf 89' lang='lat' dir='ltr'><strong>Quum</strong></span> <span class='ocrx_word' id='word_1_123' title='bbox 570 2555 707 2644; x_wconf 90' lang='lat' dir='ltr'><strong>propius</strong></span> <span class='ocrx_word' id='word_1_124' title='bbox 723 2569 860 2636; x_wconf 90' lang='lat' dir='ltr'><strong>starent,</strong></span> <span class='ocrx_word' id='word_1_125' title='bbox 876 2555 1063 2642; x_wconf 90' lang='lat' dir='ltr'><strong>alternaque</strong></span> <span class='ocrx_word' id='word_1_126' title='bbox 1079 2553 1199 2618; x_wconf 88' lang='lat' dir='ltr'><strong>lumina</strong></span> <span class='ocrx_word' id='word_1_127' title='bbox 1216 2554 1340 2620; x_wconf 83' lang='lat' dir='ltr'><strong>ferrent</strong></span> 
     </span>
     <span class='ocr_line' id='line_1_20' title="bbox 440 2667 1250 2759; baseline -0.002 -24"><span class='ocrx_word' id='word_1_128' title='bbox 440 2671 550 2736; x_wconf 85' lang='lat' dir='ltr'><strong>AEetes</strong></span> <span class='ocrx_word' id='word_1_129' title='bbox 566 2670 771 2759; x_wconf 81' lang='lat' dir='ltr'><strong>Minyaeque,</strong></span> <span class='ocrx_word' id='word_1_130' title='bbox 793 2689 923 2758; x_wconf 82' lang='lat' dir='ltr'><strong>gravem</strong></span> <span class='ocrx_word' id='word_1_131' title='bbox 939 2668 1013 2732; x_wconf 91' lang='lat' dir='ltr'><strong>tulit</strong></span> <span class='ocrx_word' id='word_1_132' title='bbox 1029 2667 1074 2732; x_wconf 86' lang='lat' dir='ltr'><strong>ira</strong></span> <span class='ocrx_word' id='word_1_133' title='bbox 1092 2667 1250 2733; x_wconf 90' lang='lat' dir='ltr'><strong>dolorem.</strong></span> 
     </span>
     <span class='ocr_line' id='line_1_21' title="bbox 440 2781 1251 2875; baseline -0.004 -24"><span class='ocrx_word' id='word_1_134' title='bbox 440 2789 484 2851; x_wconf 82' lang='lat' dir='ltr'><strong>At</strong></span> <span class='ocrx_word' id='word_1_135' title='bbox 504 2786 594 2875; x_wconf 86' lang='lat' dir='ltr'><strong>prius</strong></span> <span class='ocrx_word' id='word_1_136' title='bbox 607 2785 717 2850; x_wconf 85' lang='lat' dir='ltr'><strong>AEetes</strong></span> <span class='ocrx_word' id='word_1_137' title='bbox 733 2781 936 2874; x_wconf 81' lang='lat' dir='ltr'><strong>splendenti,</strong></span> <span class='ocrx_word' id='word_1_138' title='bbox 952 2783 1094 2848; x_wconf 76' lang='lat' dir='ltr'><strong>Phoebus</strong></span> <span class='ocrx_word' id='word_1_139' title='bbox 1110 2799 1147 2848; x_wconf 91' lang='lat' dir='ltr'><strong>ut</strong></span> <span class='ocrx_word' id='word_1_140' title='bbox 1162 2783 1251 2866; x_wconf 85' lang='lat' dir='ltr'><strong>alter,</strong></span> 
     </span>
     <span class='ocr_line' id='line_1_22' title="bbox 438 2895 1135 2988; baseline -0.003 -24"><span class='ocrx_word' id='word_1_141' title='bbox 438 2901 465 2964; x_wconf 89' lang='lat' dir='ltr'>E</span> <span class='ocrx_word' id='word_1_142' title='bbox 483 2923 583 2964; x_wconf 83' lang='lat' dir='ltr'><strong>curm</strong></span> <span class='ocrx_word' id='word_1_143' title='bbox 599 2914 711 2964; x_wconf 89' lang='lat' dir='ltr'><strong>aurato</strong></span> <span class='ocrx_word' id='word_1_144' title='bbox 726 2899 826 2988; x_wconf 85' lang='lat' dir='ltr'><strong>longe</strong></span> <span class='ocrx_word' id='word_1_145' title='bbox 843 2895 986 2962; x_wconf 88' lang='lat' dir='ltr'><strong>radiabat</strong></span> <span class='ocrx_word' id='word_1_146' title='bbox 1000 2897 1135 2979; x_wconf 86' lang='lat' dir='ltr'><strong>amictu;</strong></span> 
     </span>
     <span class='ocr_line' id='line_1_23' title="bbox 439 3009 1445 3102; baseline -0.013 -21"><span class='ocrx_word' id='word_1_147' title='bbox 439 3015 531 3081; x_wconf 81' lang='lat' dir='ltr'><strong>Serta</strong></span> <span class='ocrx_word' id='word_1_148' title='bbox 545 3029 644 3102; x_wconf 89' lang='lat' dir='ltr'><strong>caput</strong></span> <span class='ocrx_word' id='word_1_149' title='bbox 660 3012 783 3077; x_wconf 90' lang='lat' dir='ltr'><strong>circum</strong></span> <span class='ocrx_word' id='word_1_150' title='bbox 800 3009 897 3076; x_wconf 87' lang='lat' dir='ltr'><strong>radiis</strong></span> <span class='ocrx_word' id='word_1_151' title='bbox 913 3009 1100 3076; x_wconf 83' lang='lat' dir='ltr'><strong>ardentibus</strong></span> <span class='ocrx_word' id='word_1_152' title='bbox 1119 3011 1162 3074; x_wconf 90' lang='lat' dir='ltr'><strong>illi</strong></span> <span class='ocrx_word' id='word_1_153' title='bbox 1412 3027 1445 3068; x_wconf 74' lang='lat' dir='ltr'><strong>ros</strong></span> 
     </span>
     <span class='ocr_line' id='line_1_24' title="bbox 441 3125 1351 3216; baseline -0.007 -20"><span class='ocrx_word' id='word_1_154' title='bbox 441 3127 635 3209; x_wconf 82' lang='lat' dir='ltr'><strong>Ambibant,</strong></span> <span class='ocrx_word' id='word_1_155' title='bbox 654 3142 886 3216; x_wconf 81' lang='lat' dir='ltr'><strong>sceptrumque</strong></span> <span class='ocrx_word' id='word_1_156' title='bbox 905 3147 1003 3190; x_wconf 92' lang='lat' dir='ltr'><strong>manu</strong></span> <span class='ocrx_word' id='word_1_157' title='bbox 1021 3126 1186 3214; x_wconf 81' lang='lat' dir='ltr'><strong>quatiente</strong></span> <span class='ocrx_word' id='word_1_158' title='bbox 1202 3125 1351 3191; x_wconf 83' lang='lat' dir='ltr'><strong>movebat</strong></span> 
     </span>
     <span class='ocr_line' id='line_1_25' title="bbox 438 3240 1238 3332; baseline -0.004 -25"><span class='ocrx_word' id='word_1_159' title='bbox 438 3245 509 3310; x_wconf 88' lang='lat' dir='ltr'><strong>Ceu</strong></span> <span class='ocrx_word' id='word_1_160' title='bbox 522 3243 650 3332; x_wconf 83' lang='lat' dir='ltr'><strong>fulgur3</strong></span> <span class='ocrx_word' id='word_1_161' title='bbox 669 3241 870 3331; x_wconf 72' lang='lat' dir='ltr'><strong>geminaeque</strong></span> <span class='ocrx_word' id='word_1_162' title='bbox 886 3241 968 3306; x_wconf 86' lang='lat' dir='ltr'><strong>latus</strong></span> <span class='ocrx_word' id='word_1_163' title='bbox 984 3241 1112 3305; x_wconf 83' lang='lat' dir='ltr'><strong>cinxere</strong></span> <span class='ocrx_word' id='word_1_164' title='bbox 1125 3240 1238 3330; x_wconf 74' lang='lat' dir='ltr'><strong>puellae</strong></span> 
     </span>
     <span class='ocr_line' id='line_1_26' title="bbox 437 3355 1254 3446; baseline -0.007 -22"><span class='ocrx_word' id='word_1_165' title='bbox 437 3360 646 3438; x_wconf 82' lang='lat' dir='ltr'><strong>Proelustres3</strong></span> <span class='ocrx_word' id='word_1_166' title='bbox 667 3356 827 3446; x_wconf 78' lang='lat' dir='ltr'><strong>gaudebat</strong></span> <span class='ocrx_word' id='word_1_167' title='bbox 841 3357 929 3420; x_wconf 91' lang='lat' dir='ltr'><strong>enim</strong></span> <span class='ocrx_word' id='word_1_168' title='bbox 942 3355 1172 3420; x_wconf 80' lang='lat' dir='ltr'><strong>comitantibus</strong></span> <span class='ocrx_word' id='word_1_169' title='bbox 1184 3355 1254 3420; x_wconf 90' lang='lat' dir='ltr'><strong>illis.</strong></span> 
     </span>
     <span class='ocr_line' id='line_1_27' title="bbox 436 3469 1325 3558; baseline -0.008 -19"><span class='ocrx_word' id='word_1_170' title='bbox 436 3472 601 3540; x_wconf 88' lang='lat' dir='ltr'><strong>Terribilis</strong></span> <span class='ocrx_word' id='word_1_171' title='bbox 615 3493 710 3553; x_wconf 81' lang='lat' dir='ltr'><strong>rero,</strong></span> <span class='ocrx_word' id='word_1_172' title='bbox 727 3487 760 3535; x_wconf 90' lang='lat' dir='ltr'><strong>et</strong></span> <span class='ocrx_word' id='word_1_173' title='bbox 777 3487 870 3534; x_wconf 84' lang='lat' dir='ltr'><strong>torvo</strong></span> <span class='ocrx_word' id='word_1_174' title='bbox 883 3492 1016 3558; x_wconf 87' lang='lat' dir='ltr'><strong>quoque</strong></span> <span class='ocrx_word' id='word_1_175' title='bbox 1027 3469 1149 3534; x_wconf 90' lang='lat' dir='ltr'><strong>lumine</strong></span> <span class='ocrx_word' id='word_1_176' title='bbox 1160 3485 1325 3558; x_wconf 85' lang='lat' dir='ltr'><strong>spectans,</strong></span> 
     </span>
     <span class='ocr_line' id='line_1_28' title="bbox 435 3583 1445 3655; baseline -0.008 0"><span class='ocrx_word' id='word_1_177' title='bbox 435 3589 587 3655; x_wconf 85' lang='lat' dir='ltr'><strong>Crudeles</strong></span> <span class='ocrx_word' id='word_1_178' title='bbox 607 3588 763 3653; x_wconf 88' lang='lat' dir='ltr'><strong>clamante</strong></span> <span class='ocrx_word' id='word_1_179' title='bbox 779 3585 882 3648; x_wconf 92' lang='lat' dir='ltr'><strong>minas</strong></span> <span class='ocrx_word' id='word_1_180' title='bbox 901 3584 1041 3649; x_wconf 76' lang='lat' dir='ltr'><strong>excussit</strong></span> <span class='ocrx_word' id='word_1_181' title='bbox 1058 3583 1195 3649; x_wconf 87' lang='lat' dir='ltr'><strong>abore:</strong></span> <span class='ocrx_word' id='word_1_182' title='bbox 1412 3595 1445 3632; x_wconf 78' lang='lat'><strong>⁸¹·</strong></span> 
     </span>
     <span class='ocr_line' id='line_1_29' title="bbox 478 3697 1338 3791; baseline -0.009 -22"><span class='ocrx_word' id='word_1_183' title='bbox 478 3735 491 3760; x_wconf 77' lang='grc' dir='ltr'>ι</span> <span class='ocrx_word' id='word_1_184' title='bbox 505 3704 609 3769; x_wconf 90' lang='lat' dir='ltr'><strong>Dicite</strong></span> <span class='ocrx_word' id='word_1_185' title='bbox 626 3703 758 3791; x_wconf 88' lang='lat' dir='ltr'><strong>quinam</strong></span> <span class='ocrx_word' id='word_1_186' title='bbox 772 3701 862 3781; x_wconf 84' lang='lat' dir='ltr'><strong>estis,</strong></span> <span class='ocrx_word' id='word_1_187' title='bbox 874 3699 925 3762; x_wconf 84' lang='lat' dir='ltr'><strong>vel</strong></span> <span class='ocrx_word' id='word_1_188' title='bbox 936 3720 1008 3787; x_wconf 79' lang='lat' dir='ltr'><strong>qum</strong></span> <span class='ocrx_word' id='word_1_189' title='bbox 1020 3720 1078 3763; x_wconf 87' lang='lat' dir='ltr'><strong>vos</strong></span> <span class='ocrx_word' id='word_1_190' title='bbox 1091 3697 1184 3762; x_wconf 82' lang='lat' dir='ltr'><strong>duxit</strong></span> <span class='ocrx_word' id='word_1_191' title='bbox 1197 3697 1338 3788; x_wconf 81' lang='lat' dir='ltr'><strong>egestas?</strong></span> 
     </span>
     <span class='ocr_line' id='line_1_30' title="bbox 440 3801 1288 3902; baseline -0.009 -18"><span class='ocrx_word' id='word_1_192' title='bbox 440 3817 535 3884; x_wconf 90' lang='lat' dir='ltr'><strong>Unde</strong></span> <span class='ocrx_word' id='word_1_193' title='bbox 551 3819 649 3884; x_wconf 90' lang='lat' dir='ltr'><strong>etiam</strong></span> <span class='ocrx_word' id='word_1_194' title='bbox 666 3801 768 3882; x_wconf 82' lang='lat' dir='ltr'><strong>causae</strong></span> <span class='ocrx_word' id='word_1_195' title='bbox 783 3815 917 3878; x_wconf 82' lang='lat' dir='ltr'><strong>hremnt</strong></span> <span class='ocrx_word' id='word_1_196' title='bbox 932 3811 1002 3877; x_wconf 87' lang='lat' dir='ltr'><strong>niea</strong></span> <span class='ocrx_word' id='word_1_197' title='bbox 1020 3835 1118 3902; x_wconf 78' lang='lat' dir='ltr'><strong>regna</strong></span> <span class='ocrx_word' id='word_1_198' title='bbox 1131 3811 1288 3902; x_wconf 84' lang='lat' dir='ltr'><strong>petendi?</strong></span> 
     </span>
     <span class='ocr_line' id='line_1_31' title="bbox 435 3928 1294 4022; baseline -0.01 -21"><span class='ocrx_word' id='word_1_199' title='bbox 435 3939 518 4002; x_wconf 90' lang='lat' dir='ltr'><strong>Nam</strong></span> <span class='ocrx_word' id='word_1_200' title='bbox 536 3957 644 4022; x_wconf 87' lang='lat' dir='ltr'><strong>neque</strong></span> <span class='ocrx_word' id='word_1_201' title='bbox 659 3932 732 4012; x_wconf 89' lang='lat' dir='ltr'><strong>jura</strong></span> <span class='ocrx_word' id='word_1_202' title='bbox 749 3931 813 3995; x_wconf 90' lang='lat' dir='ltr'><strong>mei</strong></span> <span class='ocrx_word' id='word_1_203' title='bbox 832 3929 939 4017; x_wconf 82' lang='lat' dir='ltr'><strong>regni,</strong></span> <span class='ocrx_word' id='word_1_204' title='bbox 954 3950 1014 3992; x_wconf 89' lang='lat' dir='ltr'><strong>nec</strong></span> <span class='ocrx_word' id='word_1_205' title='bbox 1033 3943 1156 4016; x_wconf 85' lang='lat' dir='ltr'><strong>sceptra</strong></span> <span class='ocrx_word' id='word_1_206' title='bbox 1175 3928 1294 3992; x_wconf 86' lang='lat' dir='ltr'><strong>timetis</strong></span> 
     </span>
     <span class='ocr_line' id='line_1_32' title="bbox 433 4041 1331 4134; baseline -0.012 -18"><span class='ocrx_word' id='word_1_207' title='bbox 433 4051 653 4131; x_wconf 87' lang='lat' dir='ltr'><strong>Colchorum,</strong></span> <span class='ocrx_word' id='word_1_208' title='bbox 673 4062 730 4112; x_wconf 91' lang='lat' dir='ltr'><strong>aut</strong></span> <span class='ocrx_word' id='word_1_209' title='bbox 750 4045 860 4110; x_wconf 86' lang='lat' dir='ltr'><strong>studio</strong></span> <span class='ocrx_word' id='word_1_210' title='bbox 881 4041 1043 4134; x_wconf 82' lang='lat' dir='ltr'><strong>flagrantia</strong></span> <span class='ocrx_word' id='word_1_211' title='bbox 1063 4059 1193 4132; x_wconf 92' lang='lat' dir='ltr'><strong>pectora</strong></span> <span class='ocrx_word' id='word_1_212' title='bbox 1211 4043 1331 4122; x_wconf 92' lang='lat' dir='ltr'><strong>nostri,</strong></span> 
     </span>
     <span class='ocr_line' id='line_1_33' title="bbox 433 4156 1448 4250; baseline -0.011 -20"><span class='ocrx_word' id='word_1_213' title='bbox 433 4168 496 4250; x_wconf 90' lang='lat' dir='ltr'><strong>Qui</strong></span> <span class='ocrx_word' id='word_1_214' title='bbox 516 4182 616 4229; x_wconf 87' lang='lat' dir='ltr'><strong>marte</strong></span> <span class='ocrx_word' id='word_1_215' title='bbox 637 4161 807 4240; x_wconf 90' lang='lat' dir='ltr'><strong>indomiti,</strong></span> <span class='ocrx_word' id='word_1_216' title='bbox 830 4160 956 4247; x_wconf 90' lang='lat' dir='ltr'><strong>quoties</strong></span> <span class='ocrx_word' id='word_1_217' title='bbox 976 4156 1017 4222; x_wconf 93' lang='lat' dir='ltr'><strong>ad</strong></span> <span class='ocrx_word' id='word_1_218' title='bbox 1041 4158 1122 4224; x_wconf 88' lang='lat' dir='ltr'><strong>bella</strong></span> <span class='ocrx_word' id='word_1_219' title='bbox 1143 4175 1308 4238; x_wconf 86' lang='lat' dir='ltr'><strong>vocantur,</strong></span> <span class='ocrx_word' id='word_1_220' title='bbox 1415 4175 1448 4212; x_wconf 76' lang='lat'><strong>⁸1⁵</strong></span> 
     </span>
    </p>
   </div>
   <div class='ocr_carea' id='block_1_3' title="bbox 0 0 1580 5126">
    <p class='ocr_par' dir='ltr' id='par_1_3' title="bbox 0 0 1580 5126">
     <span class='ocr_line' id='line_1_34' title="bbox 0 0 1580 5126; baseline 0 5"><span class='ocrx_word' id='word_1_221' title='bbox 0 0 1580 5126; x_wconf 95' lang='lat' dir='ltr'><strong> </strong></span> 
     </span>
    </p>
   </div>
  </div>
 </body>
</html>
