3220 5128
510 469 931 534 ARGONAUTARUM.
1188 475 1251 560 399

188 594 278 685 quod
294 592 383 658 unde
399 591 531 670 lrabeat,
551 591 665 656 vellem
678 589 862 658 docuisset:
886 593 912 656 si
937 593 1024 656 enim
1048 592 1174 680 Sen'plri
1196 617 1252 658 rex

189 701 315 780 luisset,
335 697 496 787 potuisset
511 694 706 784 Polydecten
723 711 780 760 aut
798 696 934 784 Dictyn,
957 719 1041 784 quos
1060 701 1251 786 etposteris

188 805 317 894 Nauplii
334 803 450 891 prioris
468 801 568 866 fuisse
584 802 740 882 vidimus,
764 801 957 890 cognatione
974 803 1156 892 contigisse.
1174 804 1253 878 Illo·

188 934 261 976 rum
278 925 386 974 autem
404 925 552 996 posteros
572 908 679 972 nescio
695 930 735 972 an
751 907 882 975 Veteres
898 910 1171 990 memoraverim,
1195 912 1253 996 qui

188 1039 264 1081 vero
280 1014 503 1104 supplementa
515 1012 631 1093 adjecit
642 1012 800 1093 Morerio,
812 1027 899 1078 reete
909 1036 985 1082 eum
998 1013 1131 1102 quidem
1146 1038 1253 1104 repre·

189 1120 318 1201 hendit,
340 1118 430 1206 quod
452 1119 573 1184 nullam
597 1118 729 1205 Nauplii
754 1118 870 1205 prioris
896 1120 1096 1187 mentionem
1122 1120 1251 1202 lecerit,

188 1249 287 1314 quesn
304 1244 412 1290 tamen
429 1226 497 1313 ipse
511 1247 643 1298 censor,
669 1247 710 1288 an
727 1225 843 1304 luerit,
866 1225 1015 1314 ignorat,
1033 1248 1094 1290 nec
1116 1243 1252 1295 stemma

188 1331 318 1421 Nauplii
328 1346 477 1396 accurate
487 1346 637 1396 excutere
648 1345 805 1417 satagens,
814 1328 854 1394 ad
862 1328 1108 1417 Apollodorum,
1118 1331 1255 1400 obvium

188 1437 343 1502 omnibus
359 1437 392 1500 in
409 1437 470 1500 hac
483 1435 614 1500 materia
628 1450 794 1501 auctorem
810 1435 958 1516 remittit,
977 1459 1074 1523 quem
1088 1459 1148 1502 nos
1160 1439 1251 1502 Nau·

191 1543 275 1630 plius
287 1541 371 1606 duos
378 1539 580 1608 confundere
593 1537 805 1606 ostendimus.
818 1539 996 1610 Maximum
1011 1541 1075 1606 hoc
1090 1564 1129 1606 ex
1141 1544 1251 1608 furum

188 1647 504 1736 lexicographorum
522 1645 649 1734 scriptis
665 1661 719 1714 est·
727 1643 991 1726 incommodum,
1010 1646 1100 1733 quod
1113 1647 1163 1712 vel
1180 1649 1253 1712 nul·

188 1751 237 1816 los
259 1768 407 1816 auctores
426 1749 625 1838 producant,
640 1752 690 1814 rel
705 1749 746 1814 ad
763 1749 952 1837 scriptorem
969 1751 1109 1838 aliquem
1132 1775 1191 1816 nos
1209 1754 1252 1816 ita

189 1857 372 1936 remitam,
390 1872 428 1920 ut
443 1855 621 1944 quaerendo
641 1855 825 1944 defatigati,
853 1855 983 1922 tandem
1003 1857 1064 1920 illis
1082 1856 1178 1932 fidem
1195 1858 1253 1924 ha·

189 1961 267 2026 bere
290 1963 460 2041 malimus,
490 1984 587 2048 quam
613 1961 762 2030 inutilem
793 1983 925 2048 operam
956 1962 1131 2028 insumere.
1162 1963 1253 2051 Saepe

190 2067 285 2132 etiam
303 2067 403 2132 citant
419 2084 587 2146 auctores,
610 2065 698 2155 apud
721 2088 815 2154 quos,
828 2067 898 2148 illa,
921 2067 1106 2156 dequibus
1129 2086 1252 2158 agunt,

189 2167 307 2236 debere
322 2189 445 2237 entare
463 2169 619 2252 credunt,
638 2172 713 2236 licet
729 2194 811 2260 saepe
831 2172 881 2240 vel
898 2171 980 2236 nihil
997 2173 1042 2236 ibi
1059 2174 1252 2262 reperiatur,

189 2277 238 2340 rel
254 2278 351 2368 longe
366 2277 468 2342 aliter.

171 2477 173 2482 ’
231 2473 416 2556 NELEUS,
437 2475 655 2564 Happoeoontls
670 2475 769 2555 filius,
785 2474 894 2563 Pylius
914 2474 1063 2566 Hygino,
1083 2476 1146 2540 fab.
1164 2501 1203 2541 ιο
1220 2497 1251 2544 et

192 2581 250 2659 14,
274 2579 330 2666 qui
355 2580 442 2644 solus
469 2603 542 2644 eum
570 2581 602 2644 in
624 2582 884 2670 Argonautarum
905 2603 1039 2644 censum
1064 2583 1183 2665 refert,
1209 2585 1250 2649 ab

187 2683 255 2748 aliis
272 2685 417 2773 Neptuni
430 2700 463 2749 et
478 2687 580 2772 Tyrus
601 2685 684 2749 lilius
701 2685 836 2767 dicitur;
860 2684 933 2750 vide
956 2687 1063 2750 Schol.
1081 2686 1174 2750 Pind.
1198 2689 1249 2753 Ol.

188 2789 252 2869 lx,
271 2789 331 2869 433
347 2789 455 2854 Schol.
469 2791 654 2879 Apollonii,
675 2793 707 2872 l,
733 2791 808 2870 1563
829 2791 936 2856 Schol.
954 2791 1107 2873 Homeri,
1133 2792 1248 2880 Odyss.

188 2895 252 2976 xl,
271 2895 352 2974 3803
373 2895 561 2983 Apollotlor.
580 2897 611 2958 in
628 2896 773 2984 catalogo
790 2897 1069 2986 Argonautarum,
1089 2913 1121 2960 et
1136 2897 1248 2964 Lihao.

188 3000 332 3088 Diegem.
346 3000 407 3080 383
425 2999 481 3064 sed
500 3003 540 3066 de
558 3001 649 3066 Nelei
666 3017 761 3090 gente
775 3024 851 3063 mox
868 3001 902 3064 in
915 3001 1046 3065 Nestore
1062 3017 1094 3063 et.
1108 3002 1249 3090 Pericly-

185 3127 293 3186 mene,
316 3105 407 3171 Nelei
426 3105 515 3188 filiis,
543 3106 705 3195 agendum
728 3107 798 3170 erit.
821 3107 950 3187 Ejectus
965 3107 1019 3170 hic
1035 3124 1103 3171 erat
1118 3132 1137 3172 a
1155 3109 1251 3184 fratre

188 3209 272 3274 Pelia
287 3233 326 3274 ex
340 3211 520 3298 Thessalia,
533 3229 565 3276 et
581 3213 614 3274 in
632 3213 893 3299 Peloponnesum
911 3213 1022 3279 abiens
1041 3209 1157 3300 P'ylum
1171 3239 1249 3280 con·

187 3315 328 3398 diderat,
350 3318 460 3404 ibique
477 3341 579 3408 regno
595 3318 803 3397 confirmato,
823 3335 856 3383 et
871 3319 969 3382 ducta
986 3319 1157 3401 Chloride,
1172 3324 1251 3388 Am·

186 3420 316 3509 phionis
328 3439 360 3486 et
370 3422 491 3487 Niobes
503 3421 576 3504 filia,
584 3422 858 3511 Periclymenum,
868 3424 1004 3487 Nestora
1017 3440 1049 3487 et
1058 3424 1248 3492 Chromium

187 3527 360 3592 sustulerat
372 3527 511 3616 (Hygia.
526 3528 589 3592 fab.
610 3528 684 3614 ro);
698 3551 838 3616 quorum
853 3526 919 3591 duo
938 3531 1132 3616 Argonautis
1148 3554 1183 3595 se
1198 3557 1248 3596 as-

185 3631 407 3701 sociaverunt:
427 3655 527 3720 quare
542 3634 596 3698 vix
611 3633 782 3698 verisimile
798 3631 900 3696 videri
917 3649 1040 3722 potest,
1063 3633 1153 3703 illum
1173 3660 1248 3700 cum

185 3735 258 3800 liliis
277 3759 312 3802 se
327 3737 466 3804 voluisse
481 3737 619 3805 adscribi
636 3739 669 3802 in
690 3739 774 3802 hane
792 3737 955 3817 militiam,
978 3761 1081 3824 quum
1099 3738 1156 3804 diu
1174 3757 1248 3808 ante

186 3840 250 3904 hoc
275 3857 402 3930 tempus
425 3865 463 3909 ex
482 3843 644 3910 Thessalia
670 3843 867 3932 migraverit,
891 3859 923 3906 et
942 3843 1051 3906 senior
1071 3844 1137 3924 jam
1154 3863 1246 3913 esset.

183 3944 282 4026 Pero,
302 3947 370 4026 ejus
386 3947 466 4029 filia,
487 3966 588 4014 mater
601 3949 664 4014 fnit
674 3950 751 4012 Arei
763 3954 975 4037 Argonauta,
994 3949 1048 4012 ubi
1064 3949 1147 4022 side.

183 4111 323 4185 spicilegio
336 4113 521 4185 antiquitatum
533 4155 541 4179 ,
553 4113 645 4168 Colon.
661 4113 811 4167 Brandenb.
828 4117 909 4182 1692,
933 4133 959 4184 p.
976 4116 1008 4164 afi
1022 4131 1076 4186 seq.
1090 4114 1118 4166 in
1132 4113 1247 4168 medium

183 4200 302 4273 protulit.
324 4199 410 4254 Itur„
