<?xml version="1.0" encoding="UTF-8"?>
<!DOCTYPE html PUBLIC "-//W3C//DTD XHTML 1.0 Transitional//EN"
    "http://www.w3.org/TR/xhtml1/DTD/xhtml1-transitional.dtd">
<html xmlns="http://www.w3.org/1999/xhtml" xml:lang="en" lang="en">
 <head>
  <title>
</title>
<meta http-equiv="Content-Type" content="text/html;charset=utf-8" />
  <meta name='ocr-system' content='tesseract 3.04.00' />
  <meta name='ocr-capabilities' content='ocr_page ocr_carea ocr_par ocr_line ocrx_word'/>
</head>
<body>
  <div class='ocr_page' id='page_1' title='image "./cvaleriiflaccis01apolgoog_0322.png"; bbox 0 0 3150 5126; ppageno 0'>
   <div class='ocr_carea' id='block_1_1' title="bbox 495 492 855 558">
    <p class='ocr_par' dir='ltr' id='par_1_1' title="bbox 495 492 855 558">
     <span class='ocr_line' id='line_1_1' title="bbox 495 492 855 558; baseline -0.006 0"><span class='ocrx_word' id='word_1_1' title='bbox 495 492 855 558; x_wconf 79' lang='lat' dir='ltr'><strong>ARGONAUTICA.</strong></span> 
     </span>
    </p>
   </div>
   <div class='ocr_carea' id='block_1_2' title="bbox 102 617 1206 1282">
    <p class='ocr_par' dir='ltr' id='par_1_2' title="bbox 102 617 936 832">
     <span class='ocr_line' id='line_1_2' title="bbox 191 617 909 710; baseline 0.01 -29"><span class='ocrx_word' id='word_1_2' title='bbox 191 617 286 682; x_wconf 84' lang='lat' dir='ltr'><strong>Tunc</strong></span> <span class='ocrx_word' id='word_1_3' title='bbox 302 619 367 699; x_wconf 81' lang='lat' dir='ltr'><strong>jam</strong></span> <span class='ocrx_word' id='word_1_4' title='bbox 388 619 520 710; x_wconf 78' lang='lat' dir='ltr'><strong>virginei</strong></span> <span class='ocrx_word' id='word_1_5' title='bbox 533 619 645 688; x_wconf 89' lang='lat' dir='ltr'><strong>florem</strong></span> <span class='ocrx_word' id='word_1_6' title='bbox 657 621 771 688; x_wconf 86' lang='lat' dir='ltr'><strong>Medea</strong></span> <span class='ocrx_word' id='word_1_7' title='bbox 785 620 909 688; x_wconf 84' lang='lat' dir='ltr'><strong>decoris</strong></span> 
     </span>
     <span class='ocr_line' id='line_1_3' title="bbox 102 732 936 832; baseline 0.005 -34"><span class='ocrx_word' id='word_1_8' title='bbox 102 825 106 832; x_wconf 26' lang='grc' dir='ltr'>ι</span> <span class='ocrx_word' id='word_1_9' title='bbox 191 732 353 801; x_wconf 70' lang='lat' dir='ltr'>Tristibus</span> <span class='ocrx_word' id='word_1_10' title='bbox 368 735 478 805; x_wconf 76' lang='lat' dir='ltr'><strong>infelix</strong></span> <span class='ocrx_word' id='word_1_11' title='bbox 491 736 664 825; x_wconf 73' lang='lat' dir='ltr'><strong>hymonaei&#39;s</strong></span> <span class='ocrx_word' id='word_1_12' title='bbox 681 752 782 825; x_wconf 87' lang='lat' dir='ltr'><strong>nupta</strong></span> <span class='ocrx_word' id='word_1_13' title='bbox 797 737 936 826; x_wconf 88' lang='lat' dir='ltr'><strong>reliquit.</strong></span> 
     </span>
    </p>

    <p class='ocr_par' dir='ltr' id='par_1_3' title="bbox 189 848 1206 1282">
     <span class='ocr_line' id='line_1_4' title="bbox 235 848 994 940; baseline 0.007 -27"><span class='ocrx_word' id='word_1_14' title='bbox 235 848 320 914; x_wconf 86' lang='lat' dir='ltr'><strong>Hinc</strong></span> <span class='ocrx_word' id='word_1_15' title='bbox 333 849 391 914; x_wconf 92' lang='lat' dir='ltr'><strong>ubi</strong></span> <span class='ocrx_word' id='word_1_16' title='bbox 408 851 603 939; x_wconf 82' lang='lat' dir='ltr'><strong>magnanimi</strong></span> <span class='ocrx_word' id='word_1_17' title='bbox 619 850 703 940; x_wconf 82' lang='lat' dir='ltr'><strong>regis</strong></span> <span class='ocrx_word' id='word_1_18' title='bbox 714 850 841 916; x_wconf 85' lang='lat' dir='ltr'><strong>subiere</strong></span> <span class='ocrx_word' id='word_1_19' title='bbox 853 851 994 918; x_wconf 84' lang='lat' dir='ltr'><strong>tribuual</strong></span> 
     </span>
     <span class='ocr_line' id='line_1_5' title="bbox 190 959 1206 1054; baseline 0.001 -29"><span class='ocrx_word' id='word_1_20' title='bbox 190 959 367 1050; x_wconf 89' lang='lat' dir='ltr'><strong>Colchique</strong></span> <span class='ocrx_word' id='word_1_21' title='bbox 384 978 417 1028; x_wconf 88' lang='lat' dir='ltr'><strong>et</strong></span> <span class='ocrx_word' id='word_1_22' title='bbox 429 963 565 1053; x_wconf 75' lang='lat' dir='ltr'><strong>Minyae,</strong></span> <span class='ocrx_word' id='word_1_23' title='bbox 585 963 745 1053; x_wconf 89' lang='lat' dir='ltr'><strong>quidquid</strong></span> <span class='ocrx_word' id='word_1_24' title='bbox 756 965 888 1031; x_wconf 79' lang='lat' dir='ltr'><strong>voluere</strong></span> <span class='ocrx_word' id='word_1_25' title='bbox 901 965 1042 1054; x_wconf 75' lang='lat' dir='ltr'><strong>loquuti,</strong></span> <span class='ocrx_word' id='word_1_26' title='bbox 1068 987 1070 994; x_wconf 91' lang='lat'>·</span> <span class='ocrx_word' id='word_1_27' title='bbox 1157 987 1206 1028; x_wconf 77' lang='lat' dir='ltr'><strong>ns·</strong></span> 
     </span>
     <span class='ocr_line' id='line_1_6' title="bbox 189 1073 1136 1160; baseline 0.013 -23"><span class='ocrx_word' id='word_1_28' title='bbox 189 1073 344 1140; x_wconf 78' lang='lat' dir='ltr'><strong>Traditur</strong></span> <span class='ocrx_word' id='word_1_29' title='bbox 355 1077 481 1145; x_wconf 78' lang='lat' dir='ltr'><strong>Alcinoi</strong></span> <span class='ocrx_word' id='word_1_30' title='bbox 494 1077 623 1146; x_wconf 84' lang='lat' dir='ltr'><strong>decreto</strong></span> <span class='ocrx_word' id='word_1_31' title='bbox 637 1079 704 1159; x_wconf 87' lang='lat' dir='ltr'><strong>jam</strong></span> <span class='ocrx_word' id='word_1_32' title='bbox 719 1101 777 1146; x_wconf 90' lang='lat' dir='ltr'><strong>sua</strong></span> <span class='ocrx_word' id='word_1_33' title='bbox 789 1081 909 1160; x_wconf 77' lang='lat' dir='ltr'><strong>conjux</strong></span> <span class='ocrx_word' id='word_1_34' title='bbox 1131 1077 1136 1089; x_wconf 71' lang='grc'><strong>”</strong></span> 
     </span>
     <span class='ocr_line' id='line_1_7' title="bbox 190 1186 1001 1282; baseline 0.006 -31"><span class='ocrx_word' id='word_1_35' title='bbox 190 1186 372 1268; x_wconf 78' lang='lat' dir='ltr'><strong>AEsonidm3</strong></span> <span class='ocrx_word' id='word_1_36' title='bbox 392 1189 524 1255; x_wconf 81' lang='lat' dir='ltr'><strong>solvunt</strong></span> <span class='ocrx_word' id='word_1_37' title='bbox 537 1191 655 1280; x_wconf 82' lang='lat' dir='ltr'><strong>Minyas</strong></span> <span class='ocrx_word' id='word_1_38' title='bbox 673 1190 714 1255; x_wconf 86' lang='lat' dir='ltr'><strong>de</strong></span> <span class='ocrx_word' id='word_1_39' title='bbox 730 1191 823 1256; x_wconf 91' lang='lat' dir='ltr'><strong>litore</strong></span> <span class='ocrx_word' id='word_1_40' title='bbox 840 1213 1001 1282; x_wconf 83' lang='lat' dir='ltr'><strong>puppem,</strong></span> 
     </span>
    </p>
   </div>
   <div class='ocr_carea' id='block_1_3' title="bbox 187 1300 1205 4231">
    <p class='ocr_par' dir='ltr' id='par_1_4' title="bbox 187 1300 1205 4231">
     <span class='ocr_line' id='line_1_8' title="bbox 191 1300 925 1395; baseline 0.007 -31"><span class='ocrx_word' id='word_1_41' title='bbox 191 1300 291 1365; x_wconf 82' lang='lat' dir='ltr'><strong>Ocius</strong></span> <span class='ocrx_word' id='word_1_42' title='bbox 306 1319 340 1366; x_wconf 86' lang='lat' dir='ltr'><strong>et</strong></span> <span class='ocrx_word' id='word_1_43' title='bbox 358 1303 453 1368; x_wconf 87' lang='lat' dir='ltr'><strong>remis</strong></span> <span class='ocrx_word' id='word_1_44' title='bbox 467 1302 604 1368; x_wconf 86' lang='lat' dir='ltr'><strong>stridens</strong></span> <span class='ocrx_word' id='word_1_45' title='bbox 616 1304 806 1393; x_wconf 82' lang='lat' dir='ltr'><strong>propellitur</strong></span> <span class='ocrx_word' id='word_1_46' title='bbox 817 1308 925 1395; x_wconf 80' lang='lat' dir='ltr'><strong>Argo,</strong></span> 
     </span>
     <span class='ocr_line' id='line_1_9' title="bbox 189 1413 989 1504; baseline 0.005 -26"><span class='ocrx_word' id='word_1_47' title='bbox 189 1413 413 1503; x_wconf 79' lang='lat' dir='ltr'><strong>Ambraciique</strong></span> <span class='ocrx_word' id='word_1_48' title='bbox 426 1416 516 1480; x_wconf 82' lang='lat' dir='ltr'><strong>sinus</strong></span> <span class='ocrx_word' id='word_1_49' title='bbox 530 1417 624 1481; x_wconf 86' lang='lat' dir='ltr'><strong>celeri</strong></span> <span class='ocrx_word' id='word_1_50' title='bbox 636 1433 721 1482; x_wconf 84' lang='lat' dir='ltr'><strong>secat</strong></span> <span class='ocrx_word' id='word_1_51' title='bbox 738 1440 867 1504; x_wconf 67' lang='lat' dir='ltr'><strong>aequora</strong></span> <span class='ocrx_word' id='word_1_52' title='bbox 881 1440 989 1482; x_wconf 86' lang='lat' dir='ltr'><strong>cursu.</strong></span> 
     </span>
     <span class='ocr_line' id='line_1_10' title="bbox 235 1527 1205 1618; baseline -0.001 -26"><span class='ocrx_word' id='word_1_53' title='bbox 235 1528 296 1594; x_wconf 85' lang='lat' dir='ltr'><strong>llic</strong></span> <span class='ocrx_word' id='word_1_54' title='bbox 308 1529 368 1594; x_wconf 92' lang='lat' dir='ltr'><strong>tibi</strong></span> <span class='ocrx_word' id='word_1_55' title='bbox 380 1527 475 1618; x_wconf 89' lang='lat' dir='ltr'><strong>quid,</strong></span> <span class='ocrx_word' id='word_1_56' title='bbox 488 1531 623 1612; x_wconf 77' lang='lat' dir='ltr'><strong>Musaee,</strong></span> <span class='ocrx_word' id='word_1_57' title='bbox 637 1553 760 1612; x_wconf 88' lang='lat' dir='ltr'><strong>canam,</strong></span> <span class='ocrx_word' id='word_1_58' title='bbox 773 1531 992 1613; x_wconf 83' lang='lat' dir='ltr'><strong>memorande,</strong></span> <span class='ocrx_word' id='word_1_59' title='bbox 1006 1531 1140 1613; x_wconf 85' lang='lat' dir='ltr'><strong>labores,</strong></span> <span class='ocrx_word' id='word_1_60' title='bbox 1156 1551 1205 1592; x_wconf 80' lang='lat' dir='ltr'><strong>nu</strong></span> 
     </span>
     <span class='ocr_line' id='line_1_11' title="bbox 188 1627 1119 1734; baseline 0.005 -29"><span class='ocrx_word' id='word_1_61' title='bbox 188 1641 282 1722; x_wconf 87' lang='lat' dir='ltr'><strong>Quos</strong></span> <span class='ocrx_word' id='word_1_62' title='bbox 297 1640 446 1706; x_wconf 73' lang='lat' dir='ltr'><strong>dederint</strong></span> <span class='ocrx_word' id='word_1_63' title='bbox 457 1643 578 1723; x_wconf 74' lang='lat' dir='ltr'><strong>junctu</strong></span> <span class='ocrx_word' id='word_1_64' title='bbox 591 1627 666 1706; x_wconf 84' lang='lat' dir='ltr'><strong>cum</strong></span> <span class='ocrx_word' id='word_1_65' title='bbox 679 1643 825 1732; x_wconf 75' lang='lat' dir='ltr'><strong>Syrtibus</strong></span> <span class='ocrx_word' id='word_1_66' title='bbox 841 1667 944 1734; x_wconf 90' lang='lat' dir='ltr'><strong>usque</strong></span> <span class='ocrx_word' id='word_1_67' title='bbox 957 1646 1119 1734; x_wconf 73' lang='lat' dir='ltr'><strong>procellae,</strong></span> 
     </span>
     <span class='ocr_line' id='line_1_12' title="bbox 189 1753 958 1844; baseline 0.004 -27"><span class='ocrx_word' id='word_1_68' title='bbox 189 1754 231 1817; x_wconf 87' lang='lat' dir='ltr'><strong>Et</strong></span> <span class='ocrx_word' id='word_1_69' title='bbox 241 1753 359 1841; x_wconf 79' lang='lat' dir='ltr'><strong>Minyae</strong></span> <span class='ocrx_word' id='word_1_70' title='bbox 370 1753 548 1818; x_wconf 82' lang='lat' dir='ltr'><strong>incolumes</strong></span> <span class='ocrx_word' id='word_1_71' title='bbox 564 1756 691 1844; x_wconf 81' lang='lat' dir='ltr'><strong>quantis</strong></span> <span class='ocrx_word' id='word_1_72' title='bbox 703 1755 866 1820; x_wconf 79' lang='lat' dir='ltr'><strong>erroribus</strong></span> <span class='ocrx_word' id='word_1_73' title='bbox 880 1758 958 1840; x_wconf 90' lang='lat' dir='ltr'><strong>acti,</strong></span> 
     </span>
     <span class='ocr_line' id='line_1_13' title="bbox 191 1868 954 1960; baseline 0.004 -26"><span class='ocrx_word' id='word_1_74' title='bbox 191 1869 376 1952; x_wconf 87' lang='lat' dir='ltr'><strong>Quinetiam</strong></span> <span class='ocrx_word' id='word_1_75' title='bbox 398 1885 535 1960; x_wconf 77' lang='lat' dir='ltr'><strong>quamos</strong></span> <span class='ocrx_word' id='word_1_76' title='bbox 549 1871 684 1940; x_wconf 77' lang='lat' dir='ltr'><strong>incussit,</strong></span> <span class='ocrx_word' id='word_1_77' title='bbox 700 1871 792 1936; x_wconf 86' lang='lat' dir='ltr'><strong>Creta</strong></span> <span class='ocrx_word' id='word_1_78' title='bbox 808 1868 954 1952; x_wconf 84' lang='lat' dir='ltr'><strong>dolores,</strong></span> 
     </span>
     <span class='ocr_line' id='line_1_14' title="bbox 188 1982 995 2076; baseline 0 -28"><span class='ocrx_word' id='word_1_79' title='bbox 188 1983 307 2050; x_wconf 86' lang='lat' dir='ltr'><strong>AEreus</strong></span> <span class='ocrx_word' id='word_1_80' title='bbox 321 2001 360 2048; x_wconf 92' lang='lat' dir='ltr'><strong>ut</strong></span> <span class='ocrx_word' id='word_1_81' title='bbox 371 1985 516 2076; x_wconf 80' lang='lat' dir='ltr'><strong>Trigigas</strong></span> <span class='ocrx_word' id='word_1_82' title='bbox 529 2006 659 2050; x_wconf 87' lang='lat' dir='ltr'><strong>accessu</strong></span> <span class='ocrx_word' id='word_1_83' title='bbox 676 1982 858 2048; x_wconf 84' lang='lat' dir='ltr'><strong>horrendus</strong></span> <span class='ocrx_word' id='word_1_84' title='bbox 873 1983 906 2047; x_wconf 91' lang='lat' dir='ltr'><strong>in</strong></span> <span class='ocrx_word' id='word_1_85' title='bbox 923 1985 995 2073; x_wconf 91' lang='lat' dir='ltr'><strong>ipso</strong></span> 
     </span>
     <span class='ocr_line' id='line_1_15' title="bbox 189 2097 993 2188; baseline 0 -27"><span class='ocrx_word' id='word_1_86' title='bbox 189 2099 228 2161; x_wconf 92' lang='lat' dir='ltr'><strong>ln</strong></span> <span class='ocrx_word' id='word_1_87' title='bbox 241 2114 374 2188; x_wconf 87' lang='lat' dir='ltr'><strong>portum</strong></span> <span class='ocrx_word' id='word_1_88' title='bbox 387 2097 489 2162; x_wconf 83' lang='lat' dir='ltr'><strong>vetuit</strong></span> <span class='ocrx_word' id='word_1_89' title='bbox 500 2098 626 2186; x_wconf 82' lang='lat' dir='ltr'><strong>Minyas</strong></span> <span class='ocrx_word' id='word_1_90' title='bbox 640 2097 821 2164; x_wconf 87' lang='lat' dir='ltr'><strong>subducere</strong></span> <span class='ocrx_word' id='word_1_91' title='bbox 835 2119 993 2186; x_wconf 84' lang='lat' dir='ltr'><strong>puppem,</strong></span> 
     </span>
     <span class='ocr_line' id='line_1_16' title="bbox 189 2209 950 2301; baseline 0.003 -27"><span class='ocrx_word' id='word_1_92' title='bbox 189 2213 233 2274; x_wconf 91' lang='lat' dir='ltr'><strong>Ut</strong></span> <span class='ocrx_word' id='word_1_93' title='bbox 249 2209 377 2276; x_wconf 83' lang='lat' dir='ltr'><strong>tandem</strong></span> <span class='ocrx_word' id='word_1_94' title='bbox 396 2211 552 2300; x_wconf 71' lang='lat' dir='ltr'><strong>equoreis</strong></span> <span class='ocrx_word' id='word_1_95' title='bbox 568 2211 670 2277; x_wconf 84' lang='lat' dir='ltr'><strong>vexati</strong></span> <span class='ocrx_word' id='word_1_96' title='bbox 690 2229 836 2300; x_wconf 87' lang='lat' dir='ltr'><strong>tempore</strong></span> <span class='ocrx_word' id='word_1_97' title='bbox 852 2211 950 2301; x_wconf 77' lang='lat' dir='ltr'><strong>longo</strong></span> 
     </span>
     <span class='ocr_line' id='line_1_17' title="bbox 188 2325 1000 2417; baseline -0.002 -26"><span class='ocrx_word' id='word_1_98' title='bbox 188 2325 375 2408; x_wconf 81' lang='lat' dir='ltr'><strong>Fluctibus,</strong></span> <span class='ocrx_word' id='word_1_99' title='bbox 391 2349 427 2391; x_wconf 90' lang='lat' dir='ltr'><strong>ac</strong></span> <span class='ocrx_word' id='word_1_100' title='bbox 443 2326 549 2390; x_wconf 87' lang='lat' dir='ltr'><strong>subito</strong></span> <span class='ocrx_word' id='word_1_101' title='bbox 566 2326 648 2392; x_wconf 88' lang='lat' dir='ltr'><strong>tristi</strong></span> <span class='ocrx_word' id='word_1_102' title='bbox 663 2329 745 2391; x_wconf 89' lang='lat' dir='ltr'><strong>male</strong></span> <span class='ocrx_word' id='word_1_103' title='bbox 762 2327 850 2392; x_wconf 86' lang='lat' dir='ltr'><strong>nube</strong></span> <span class='ocrx_word' id='word_1_104' title='bbox 866 2327 1000 2417; x_wconf 79' lang='lat' dir='ltr'><strong>gravati,</strong></span> 
     </span>
     <span class='ocr_line' id='line_1_18' title="bbox 188 2438 925 2527; baseline 0 -25"><span class='ocrx_word' id='word_1_105' title='bbox 188 2438 390 2504; x_wconf 78' lang='lat' dir='ltr'><strong>Credidimus</strong></span> <span class='ocrx_word' id='word_1_106' title='bbox 407 2461 520 2504; x_wconf 86' lang='lat' dir='ltr'><strong>navem</strong></span> <span class='ocrx_word' id='word_1_107' title='bbox 537 2439 662 2527; x_wconf 89' lang='lat' dir='ltr'><strong>quoties</strong></span> <span class='ocrx_word' id='word_1_108' title='bbox 679 2438 808 2504; x_wconf 82' lang='lat' dir='ltr'><strong>allidere</strong></span> <span class='ocrx_word' id='word_1_109' title='bbox 821 2439 925 2502; x_wconf 84' lang='lat' dir='ltr'><strong>saxis?</strong></span> 
     </span>
     <span class='ocr_line' id='line_1_19' title="bbox 188 2551 946 2642; baseline -0.005 -24"><span class='ocrx_word' id='word_1_110' title='bbox 188 2556 230 2618; x_wconf 85' lang='lat' dir='ltr'><strong>llt</strong></span> <span class='ocrx_word' id='word_1_111' title='bbox 247 2553 341 2619; x_wconf 79' lang='lat' dir='ltr'><strong>Paean</strong></span> <span class='ocrx_word' id='word_1_112' title='bbox 357 2554 462 2618; x_wconf 86' lang='lat' dir='ltr'><strong>lucem</strong></span> <span class='ocrx_word' id='word_1_113' title='bbox 478 2575 537 2642; x_wconf 90' lang='lat' dir='ltr'><strong>per</strong></span> <span class='ocrx_word' id='word_1_114' title='bbox 553 2551 664 2616; x_wconf 88' lang='lat' dir='ltr'><strong>nubila</strong></span> <span class='ocrx_word' id='word_1_115' title='bbox 681 2574 762 2616; x_wconf 72' lang='lat' dir='ltr'><strong>saera</strong></span> <span class='ocrx_word' id='word_1_116' title='bbox 779 2575 946 2616; x_wconf 84' lang='lat' dir='ltr'><strong>coruscam</strong></span> 
     </span>
     <span class='ocr_line' id='line_1_20' title="bbox 187 2663 1204 2752; baseline -0.005 -21"><span class='ocrx_word' id='word_1_117' title='bbox 187 2667 356 2731; x_wconf 80' lang='lat' dir='ltr'><strong>Montibus</strong></span> <span class='ocrx_word' id='word_1_118' title='bbox 374 2689 392 2730; x_wconf 91' lang='lat' dir='ltr'><strong>e</strong></span> <span class='ocrx_word' id='word_1_119' title='bbox 412 2667 546 2731; x_wconf 88' lang='lat' dir='ltr'><strong>summis</strong></span> <span class='ocrx_word' id='word_1_120' title='bbox 563 2665 634 2731; x_wconf 92' lang='lat' dir='ltr'><strong>Deli</strong></span> <span class='ocrx_word' id='word_1_121' title='bbox 655 2665 751 2730; x_wconf 88' lang='lat' dir='ltr'><strong>tulit:</strong></span> <span class='ocrx_word' id='word_1_122' title='bbox 769 2663 846 2729; x_wconf 87' lang='lat' dir='ltr'><strong>inde</strong></span> <span class='ocrx_word' id='word_1_123' title='bbox 862 2680 994 2752; x_wconf 87' lang='lat' dir='ltr'><strong>repente</strong></span> <span class='ocrx_word' id='word_1_124' title='bbox 1155 2683 1204 2726; x_wconf 69' lang='lat' dir='ltr'><strong>nus</strong></span> 
     </span>
     <span class='ocr_line' id='line_1_21' title="bbox 189 2777 1019 2868; baseline -0.006 -23"><span class='ocrx_word' id='word_1_125' title='bbox 189 2783 238 2845; x_wconf 86' lang='lat' dir='ltr'><strong>Ex</strong></span> <span class='ocrx_word' id='word_1_126' title='bbox 256 2781 365 2845; x_wconf 86' lang='lat' dir='ltr'><strong>multis</strong></span> <span class='ocrx_word' id='word_1_127' title='bbox 381 2803 453 2868; x_wconf 80' lang='lat' dir='ltr'><strong>quae</strong></span> <span class='ocrx_word' id='word_1_128' title='bbox 467 2803 527 2843; x_wconf 90' lang='lat' dir='ltr'><strong>nos</strong></span> <span class='ocrx_word' id='word_1_129' title='bbox 544 2778 736 2843; x_wconf 78' lang='lat' dir='ltr'><strong>claudebant</strong></span> <span class='ocrx_word' id='word_1_130' title='bbox 752 2777 855 2841; x_wconf 87' lang='lat' dir='ltr'><strong>insula</strong></span> <span class='ocrx_word' id='word_1_131' title='bbox 871 2777 937 2840; x_wconf 83' lang='lat' dir='ltr'><strong>visa</strong></span> <span class='ocrx_word' id='word_1_132' title='bbox 953 2793 1019 2858; x_wconf 86' lang='lat' dir='ltr'><strong>est,</strong></span> 
     </span>
     <span class='ocr_line' id='line_1_22' title="bbox 189 2889 1093 2982; baseline -0.006 -25"><span class='ocrx_word' id='word_1_133' title='bbox 189 2895 296 2976; x_wconf 87' lang='lat' dir='ltr'><strong>Quam</strong></span> <span class='ocrx_word' id='word_1_134' title='bbox 310 2891 424 2956; x_wconf 89' lang='lat' dir='ltr'><strong>dicunt</strong></span> <span class='ocrx_word' id='word_1_135' title='bbox 436 2893 593 2982; x_wconf 83' lang='lat' dir='ltr'><strong>Anaphen</strong></span> <span class='ocrx_word' id='word_1_136' title='bbox 604 2893 674 2956; x_wconf 88' lang='lat' dir='ltr'><strong>loca</strong></span> <span class='ocrx_word' id='word_1_137' title='bbox 685 2890 742 2978; x_wconf 92' lang='lat' dir='ltr'><strong>qui</strong></span> <span class='ocrx_word' id='word_1_138' title='bbox 754 2889 859 2955; x_wconf 81' lang='lat' dir='ltr'><strong>vicina</strong></span> <span class='ocrx_word' id='word_1_139' title='bbox 875 2891 1093 2977; x_wconf 83' lang='lat' dir='ltr'><strong>frequentant.</strong></span> 
     </span>
     <span class='ocr_line' id='line_1_23' title="bbox 187 3002 1016 3094; baseline -0.001 -24"><span class='ocrx_word' id='word_1_140' title='bbox 187 3002 250 3070; x_wconf 88' lang='lat' dir='ltr'><strong>Sed</strong></span> <span class='ocrx_word' id='word_1_141' title='bbox 268 3027 335 3068; x_wconf 90' lang='lat' dir='ltr'><strong>non</strong></span> <span class='ocrx_word' id='word_1_142' title='bbox 351 3003 516 3069; x_wconf 80' lang='lat' dir='ltr'><strong>AEsonidae</strong></span> <span class='ocrx_word' id='word_1_143' title='bbox 534 3005 679 3092; x_wconf 82' lang='lat' dir='ltr'><strong>quamvis</strong></span> <span class='ocrx_word' id='word_1_144' title='bbox 695 3005 883 3094; x_wconf 81' lang='lat' dir='ltr'><strong>contingere</strong></span> <span class='ocrx_word' id='word_1_145' title='bbox 898 3020 1016 3069; x_wconf 89' lang='lat' dir='ltr'><strong>terram</strong></span> 
     </span>
     <span class='ocr_line' id='line_1_24' title="bbox 188 3115 1057 3205; baseline -0.001 -22"><span class='ocrx_word' id='word_1_146' title='bbox 188 3119 280 3184; x_wconf 84' lang='lat' dir='ltr'><strong>Parte</strong></span> <span class='ocrx_word' id='word_1_147' title='bbox 292 3119 383 3184; x_wconf 88' lang='lat' dir='ltr'><strong>licet:</strong></span> <span class='ocrx_word' id='word_1_148' title='bbox 402 3117 611 3183; x_wconf 84' lang='lat' dir='ltr'><strong>redimendus</strong></span> <span class='ocrx_word' id='word_1_149' title='bbox 627 3119 715 3182; x_wconf 84' lang='lat' dir='ltr'><strong>enlin</strong></span> <span class='ocrx_word' id='word_1_150' title='bbox 732 3115 878 3182; x_wconf 78' lang='lat' dir='ltr'><strong>defertur</strong></span> <span class='ocrx_word' id='word_1_151' title='bbox 901 3117 952 3205; x_wconf 90' lang='lat' dir='ltr'><strong>(at</strong></span> <span class='ocrx_word' id='word_1_152' title='bbox 965 3117 1057 3182; x_wconf 87' lang='lat' dir='ltr'><strong>illurn</strong></span> 
     </span>
     <span class='ocr_line' id='line_1_25' title="bbox 187 3231 1204 3320; baseline -0.004 -25"><span class='ocrx_word' id='word_1_153' title='bbox 187 3231 277 3296; x_wconf 83' lang='lat' dir='ltr'><strong>Mors</strong></span> <span class='ocrx_word' id='word_1_154' title='bbox 292 3253 402 3296; x_wconf 80' lang='lat' dir='ltr'><strong>aversa</strong></span> <span class='ocrx_word' id='word_1_155' title='bbox 417 3231 534 3320; x_wconf 82' lang='lat' dir='ltr'><strong>iugit):</strong></span> <span class='ocrx_word' id='word_1_156' title='bbox 549 3231 596 3294; x_wconf 85' lang='lat' dir='ltr'><strong>ris</strong></span> <span class='ocrx_word' id='word_1_157' title='bbox 611 3247 696 3296; x_wconf 83' lang='lat' dir='ltr'><strong>tanta</strong></span> <span class='ocrx_word' id='word_1_158' title='bbox 715 3231 909 3320; x_wconf 83' lang='lat' dir='ltr'><strong>Hyperionis</strong></span> <span class='ocrx_word' id='word_1_159' title='bbox 924 3233 997 3296; x_wconf 73' lang='lat' dir='ltr'><strong>itm!</strong></span> <span class='ocrx_word' id='word_1_160' title='bbox 1154 3253 1204 3292; x_wconf 64' lang='lat' dir='ltr'><strong>rna</strong></span> 
     </span>
     <span class='ocr_line' id='line_1_26' title="bbox 188 3342 982 3428; baseline 0.001 -18"><span class='ocrx_word' id='word_1_161' title='bbox 188 3345 266 3410; x_wconf 82' lang='lat' dir='ltr'><strong>Mox</strong></span> <span class='ocrx_word' id='word_1_162' title='bbox 281 3343 338 3408; x_wconf 91' lang='lat' dir='ltr'><strong>ubi</strong></span> <span class='ocrx_word' id='word_1_163' title='bbox 354 3345 526 3410; x_wconf 78' lang='lat' dir='ltr'><strong>transvecti</strong></span> <span class='ocrx_word' id='word_1_164' title='bbox 536 3342 728 3409; x_wconf 89' lang='lat' dir='ltr'><strong>Maleotidos</strong></span> <span class='ocrx_word' id='word_1_165' title='bbox 742 3345 805 3408; x_wconf 85' lang='lat' dir='ltr'><strong>alta</strong></span> <span class='ocrx_word' id='word_1_166' title='bbox 816 3359 982 3428; x_wconf 82' lang='lat' dir='ltr'><strong>tenemus,</strong></span> 
     </span>
     <span class='ocr_line' id='line_1_27' title="bbox 187 3457 951 3548; baseline -0.001 -24"><span class='ocrx_word' id='word_1_167' title='bbox 187 3457 367 3524; x_wconf 75' lang='lat' dir='ltr'><strong>Admonitu</strong></span> <span class='ocrx_word' id='word_1_168' title='bbox 380 3460 486 3524; x_wconf 80' lang='lat' dir='ltr'><strong>Circes</strong></span> <span class='ocrx_word' id='word_1_169' title='bbox 504 3459 622 3548; x_wconf 77' lang='lat' dir='ltr'><strong>Minyae</strong></span> <span class='ocrx_word' id='word_1_170' title='bbox 640 3478 778 3548; x_wconf 67' lang='lat' dir='ltr'><strong>purgare</strong></span> <span class='ocrx_word' id='word_1_171' title='bbox 797 3459 951 3544; x_wconf 87' lang='lat' dir='ltr'><strong>parabant</strong></span> 
     </span>
     <span class='ocr_line' id='line_1_28' title="bbox 187 3568 1043 3661; baseline 0.001 -25"><span class='ocrx_word' id='word_1_172' title='bbox 187 3572 367 3636; x_wconf 75' lang='lat' dir='ltr'><strong>infaustum</strong></span> <span class='ocrx_word' id='word_1_173' title='bbox 386 3569 495 3636; x_wconf 84' lang='lat' dir='ltr'><strong>AEetes</strong></span> <span class='ocrx_word' id='word_1_174' title='bbox 517 3568 716 3659; x_wconf 83' lang='lat' dir='ltr'><strong>quidquidve</strong></span> <span class='ocrx_word' id='word_1_175' title='bbox 731 3571 865 3660; x_wconf 82' lang='lat' dir='ltr'><strong>ingessit</strong></span> <span class='ocrx_word' id='word_1_176' title='bbox 882 3573 1043 3661; x_wconf 82' lang='lat' dir='ltr'><strong>Erinnys;</strong></span> 
     </span>
     <span class='ocr_line' id='line_1_29' title="bbox 187 3684 999 3775; baseline -0.001 -25"><span class='ocrx_word' id='word_1_177' title='bbox 187 3687 281 3751; x_wconf 85' lang='lat' dir='ltr'><strong>Tunc</strong></span> <span class='ocrx_word' id='word_1_178' title='bbox 301 3707 361 3775; x_wconf 80' lang='lat' dir='ltr'><strong>ego</strong></span> <span class='ocrx_word' id='word_1_179' title='bbox 379 3708 543 3750; x_wconf 89' lang='lat' dir='ltr'><strong>sacrorum</strong></span> <span class='ocrx_word' id='word_1_180' title='bbox 561 3685 679 3773; x_wconf 84' lang='lat' dir='ltr'><strong>Minyis</strong></span> <span class='ocrx_word' id='word_1_181' title='bbox 696 3684 847 3748; x_wconf 86' lang='lat' dir='ltr'><strong>libamina</strong></span> <span class='ocrx_word' id='word_1_182' title='bbox 864 3685 999 3772; x_wconf 87' lang='lat' dir='ltr'><strong>pulchra</strong></span> 
     </span>
     <span class='ocr_line' id='line_1_30' title="bbox 187 3797 1205 3886; baseline -0.008 -20"><span class='ocrx_word' id='word_1_183' title='bbox 187 3799 356 3880; x_wconf 85' lang='lat' dir='ltr'><strong>Stnrxi‚et</strong></span> <span class='ocrx_word' id='word_1_184' title='bbox 371 3800 562 3886; x_wconf 87' lang='lat' dir='ltr'><strong>Neptunum</strong></span> <span class='ocrx_word' id='word_1_185' title='bbox 576 3820 725 3886; x_wconf 87' lang='lat' dir='ltr'><strong>suprema</strong></span> <span class='ocrx_word' id='word_1_186' title='bbox 737 3819 816 3861; x_wconf 84' lang='lat' dir='ltr'><strong>voce</strong></span> <span class='ocrx_word' id='word_1_187' title='bbox 829 3797 938 3886; x_wconf 79' lang='lat' dir='ltr'><strong>rogari</strong></span> <span class='ocrx_word' id='word_1_188' title='bbox 1155 3821 1205 3858; x_wconf 67' lang='lat'><strong>1³⁵⁵</strong></span> 
     </span>
     <span class='ocr_line' id='line_1_31' title="bbox 189 3909 1007 3999; baseline -0.002 -23"><span class='ocrx_word' id='word_1_189' title='bbox 189 3913 251 3976; x_wconf 89' lang='lat' dir='ltr'><strong>Det</strong></span> <span class='ocrx_word' id='word_1_190' title='bbox 262 3911 401 3976; x_wconf 87' lang='lat' dir='ltr'><strong>reditum</strong></span> <span class='ocrx_word' id='word_1_191' title='bbox 415 3912 524 3993; x_wconf 82' lang='lat' dir='ltr'><strong>fessis,</strong></span> <span class='ocrx_word' id='word_1_192' title='bbox 541 3911 715 3998; x_wconf 87' lang='lat' dir='ltr'><strong>dulcesque</strong></span> <span class='ocrx_word' id='word_1_193' title='bbox 729 3909 836 3975; x_wconf 78' lang='lat' dir='ltr'><strong>videm</strong></span> <span class='ocrx_word' id='word_1_194' title='bbox 850 3927 1007 3999; x_wconf 82' lang='lat' dir='ltr'><strong>parentes.</strong></span> 
     </span>
     <span class='ocr_line' id='line_1_32' title="bbox 231 4029 917 4120; baseline -0.001 -28"><span class='ocrx_word' id='word_1_195' title='bbox 231 4029 280 4092; x_wconf 90' lang='lat' dir='ltr'><strong>llli</strong></span> <span class='ocrx_word' id='word_1_196' title='bbox 300 4029 399 4120; x_wconf 75' lang='lat' dir='ltr'><strong>igitur</strong></span> <span class='ocrx_word' id='word_1_197' title='bbox 413 4031 515 4094; x_wconf 85' lang='lat' dir='ltr'><strong>ventis</strong></span> <span class='ocrx_word' id='word_1_198' title='bbox 532 4029 593 4092; x_wconf 86' lang='lat' dir='ltr'><strong>acti</strong></span> <span class='ocrx_word' id='word_1_199' title='bbox 608 4029 795 4092; x_wconf 86' lang='lat' dir='ltr'><strong>referuntur</strong></span> <span class='ocrx_word' id='word_1_200' title='bbox 807 4029 917 4091; x_wconf 89' lang='lat' dir='ltr'><strong>Iolcon</strong></span> 
     </span>
     <span class='ocr_line' id='line_1_33' title="bbox 187 4141 1024 4231; baseline -0.001 -24"><span class='ocrx_word' id='word_1_201' title='bbox 187 4144 224 4207; x_wconf 93' lang='lat' dir='ltr'><strong>ln</strong></span> <span class='ocrx_word' id='word_1_202' title='bbox 239 4144 392 4231; x_wconf 68' lang='lat' dir='ltr'><strong>patriam</strong></span> <span class='ocrx_word' id='word_1_203' title='bbox 408 4142 465 4208; x_wconf 86' lang='lat' dir='ltr'><strong>sed</strong></span> <span class='ocrx_word' id='word_1_204' title='bbox 480 4142 596 4207; x_wconf 85' lang='lat' dir='ltr'><strong>fronde</strong></span> <span class='ocrx_word' id='word_1_205' title='bbox 610 4141 716 4205; x_wconf 85' lang='lat' dir='ltr'><strong>virens</strong></span> <span class='ocrx_word' id='word_1_206' title='bbox 731 4164 782 4204; x_wconf 85' lang='lat' dir='ltr'><strong>me</strong></span> <span class='ocrx_word' id='word_1_207' title='bbox 795 4143 946 4206; x_wconf 80' lang='lat' dir='ltr'><strong>Taenarus</strong></span> <span class='ocrx_word' id='word_1_208' title='bbox 964 4143 1024 4206; x_wconf 83' lang='lat' dir='ltr'><strong>alta</strong></span> 
     </span>
    </p>
   </div>
   <div class='ocr_carea' id='block_1_4' title="bbox 237 4258 1094 4320">
    <p class='ocr_par' dir='ltr' id='par_1_5' title="bbox 237 4258 1094 4320">
     <span class='ocr_line' id='line_1_34' title="bbox 237 4258 1094 4320; baseline -0.006 0"><span class='ocrx_word' id='word_1_209' title='bbox 237 4258 280 4320; x_wconf 87' lang='grc' dir='ltr'><strong>ΙΙ.</strong></span> <span class='ocrx_word' id='word_1_210' title='bbox 1058 4278 1094 4316; x_wconf 78' lang='lat'><strong>21</strong></span> 
     </span>
    </p>
   </div>
   <div class='ocr_carea' id='block_1_5' title="bbox 0 0 1580 5126">
    <p class='ocr_par' dir='ltr' id='par_1_6' title="bbox 0 0 1580 5126">
     <span class='ocr_line' id='line_1_35' title="bbox 0 0 1580 5126; baseline 0 1"><span class='ocrx_word' id='word_1_211' title='bbox 0 0 1580 5126; x_wconf 95' lang='lat' dir='ltr'><strong> </strong></span> 
     </span>
    </p>
   </div>
  </div>
 </body>
</html>
