3150 5126
367 557 431 622 300
806 558 998 624 ORPHEl

411 687 564 754 Percussa
583 688 745 778 extemplo
760 688 837 753 loris
850 689 974 755 cervice
993 689 1179 754 tremendis.

411 803 453 866 At
467 801 587 892 llliuyoe
604 802 691 868 ferro
707 802 921 893 Bebrycensia
938 826 1073 894 corpora
1087 802 1225 869 cedunt

455 917 616 981 Solvimus
632 916 727 1000 binc,
751 917 932 1008 urbemque
946 918 979 982 in
996 919 1062 983 lato
1078 917 1172 983 litore
1189 936 1339 1008 maguam
1393 937 1428 975 κο

413 1030 604 1122 Remigibus
624 1031 730 1114 lassis,
743 1031 892 1122 Bithynia
913 1049 1014 1115 tecta,
1030 1033 1188 1098 subimus.

414 1144 499 1209 Hinc
514 1143 579 1225 jam
595 1145 696 1211 fontis
711 1169 826 1234 aquas,
849 1163 881 1211 et
894 1147 980 1212 silvis
999 1147 1084 1238 ligna
1097 1147 1217 1212 nivosis

414 1258 581 1325 Poseimus
597 1260 756 1349 hospitio,
768 1277 801 1326 et
817 1261 878 1326 sub
895 1277 1024 1326 noctem
1041 1283 1132 1326 crena
1148 1276 1289 1350 paranu.

414 1371 558 1438 Perdidit
573 1371 628 1436 hic
642 1373 790 1463 geminos
804 1373 935 1440 vibratis
951 1373 1050 1440 corde
1065 1373 1207 1440 tumenti

412 1486 530 1552 Infelix
541 1486 685 1552 Phineus
698 1487 815 1578 petris,
831 1511 890 1554 sua
902 1489 1055 1579 pignora,
1077 1504 1186 1571 natos,

416 1599 612 1690 Objecitque
624 1600 700 1666 feris
716 1601 831 1666 insano
847 1601 957 1666 uxoris
970 1625 1098 1684 amore3

416 1716 474 1781 llis
492 1733 600 1782 autem
616 1715 715 1782 vitam
730 1715 874 1782 reddunt
891 1733 923 1782 et
938 1717 1062 1782 lumina
1078 1717 1146 1782 nati

416 1831 466 1896 De
482 1831 599 1911 Borea3
615 1829 778 1898 Phineum
794 1828 896 1922 gravis
915 1847 964 1896 est
975 1833 1100 1913 jactum
1115 1847 1273 1919 sequuta:

416 1945 566 2033 Namque
578 1944 784 2034 indignantes
799 1945 971 2010 nemorum
986 1945 1108 2010 lumine
1125 1961 1254 2011 cecant.

417 2061 531 2142 Quum
547 2060 656 2125 subito
670 2059 781 2126 validis
796 2063 895 2127 Bnrea
913 2061 1055 2150 spirante
1071 2061 1217 2150 procellis

418 2179 605 2242 Currantur
617 2174 725 2241 densae
742 2198 912 2242 nemorosa
930 2177 1096 2242 cacumina
1110 2177 1213 2259 silvae,

419 2293 464 2357 Ut
478 2293 582 2356 lueret
596 2291 651 2355 lue
665 2291 807 2356 Bistonia
823 2290 1027 2380 lacrymabile
1040 2291 1154 2355 latrum.

419 2405 504 2470 Hinc
519 2406 619 2496 igitur
634 2404 741 2470 miseri
759 2403 901 2470 crudelia
919 2419 1002 2468 tecta
1020 2404 1147 2494 tyranni

418 2521 630 2610 Linquimus,
645 2536 679 2585 et
693 2535 796 2586 rastas
812 2520 916 2610 pelagi
933 2518 1182 2584 conscendimus
1196 2518 1319 2600 undas,

419 2638 563 2724 Cyaneas
577 2635 669 2716 juxta
682 2650 805 2724 petras,
820 2655 900 2722 quas
916 2632 1039 2722 optima
1058 2647 1196 2696 matrum

420 2762 648 2824 Annumerans
664 2758 778 2824 docuit
791 2756 956 2846 quondam
968 2778 1021 2820 me
1033 2755 1204 2845 Calliopea.

422 2873 483 2939 llic
498 2895 576 2962 ergo
595 2871 684 2937 exitii
701 2871 825 2936 vitandi
842 2870 930 2934 nulla
948 2868 1096 2953 facultas,
1120 2887 1123 2904 ·

422 2987 573 3076 Namque
592 2988 652 3052 illae
666 2983 807 3052 adversis
825 3000 999 3049 ventorum
1017 2980 1145 3048 llatibus
1162 2999 1254 3066 actae,

424 3106 636 3190 Occursuque
653 3123 762 3192 graves
778 3098 915 3165 allidunt
932 3121 1004 3164 saxa
1019 3097 1173 3188 gementi.

424 3217 485 3282 llic
501 3215 654 3304 strepitus
669 3215 732 3282 late
746 3215 880 3306 pelago,
897 3213 1039 3300 coeloque
1052 3211 1209 3302 gementis

424 3331 604 3419 Praecipites
623 3345 776 3394 resonant
795 3328 956 3420 perruptis
970 3324 1123 3392 lluctibus
1135 3325 1244 3392 undae.

425 3451 482 3512 Ast
500 3471 560 3538 ego
577 3463 648 3512 tum
665 3447 719 3512 tali
733 3446 773 3512 ad
786 3447 916 3538 Tiphyn
929 3465 1079 3508 sermone
1090 3443 1260 3530 loquutus:

469 3562 544 3627 «Ad
557 3562 693 3651 puppim
710 3576 862 3626 converte
880 3559 1007 3641 oculos,
1024 3573 1057 3622 ot
1074 3557 1199 3622 cautius
1216 3557 1262 3620 ito
1271 3585 1294 3620 ι.

426 3675 533 3739 Sensit
550 3674 608 3739 ubi
626 3675 711 3757 haec,
726 3674 851 3765 gelidus
868 3673 973 3736 tenuit
987 3669 1161 3760 precordia
1180 3669 1328 3758 sanguis,

427 3787 598 3877 Quidquid
610 3803 684 3877 agat
696 3804 804 3854 tamen
819 3808 937 3852 arcarm
951 3785 1012 3849 sub
1028 3799 1158 3872 pectore
1173 3783 1256 3847 celat

426 3907 513 3968 Tum
527 3925 648 3968 secum.
664 3901 827 3967 Sedenim
843 3899 943 3964 Pallas
955 3899 1131 3966 consistere
1145 3919 1271 3962 summa

429 4243 569 4326 Imperat
583 4256 724 4302 antenna
738 4238 919 4317 volucrem,
936 4235 980 4299 sic
994 4234 1079 4298 luno
1096 4231 1262 4311 monebat,
