3220 5128
396 481 457 556 402
773 467 1071 534 carilocus

397 596 488 660 aliter
502 617 577 670 ¹non
602 591 781 681 potuissent
802 590 928 653 Sirenas
951 589 1099 668 transire3
1118 587 1223 652 Schol.
1242 587 1345 676 Apoll.
1363 588 1394 666 l,
1415 592 1456 666 24
1592 579 1593 622 ἒ

396 718 427 764 et
449 701 500 763 31.
516 697 683 786 Orpheus,
695 697 761 758 sivo
774 695 1001 758 Onomactitus
1016 695 1168 773 juvenem
1187 693 1354 757 focitrers.
1373 693 1454 772 4083

397 821 430 879 et
453 802 539 870 idem
564 801 798 892 lingit,lasona
821 800 939 864 abiisse
961 797 1001 862 ad
1024 821 1097 862 eum
1121 799 1154 861 in
1169 798 1398 878 lhmciam,et
1414 796 1457 861 ad

253 903 257 922 ⁴
397 912 457 974 iter
481 909 668 974 Colchicum
692 907 849 970 invitasse.
874 906 950 985 Ejus
968 927 1088 968 munus
1108 903 1188 978 fuit,
1206 903 1335 968 citharae
1356 919 1455 968 cantu
1592 977 1593 994 χ

397 1015 581 1078 demulcere
598 1013 683 1076 leros
697 1011 854 1096 juvenum
870 1010 995 1072 animos
1008 1009 1099 1095 (nam
1114 1009 1196 1072 leros
1212 1009 1372 1096 mitigasse
1386 1009 1457 1074 Mu-
1592 1033 1593 1036 ¹

397 1121 438 1182 sis
454 1135 486 1182 et
506 1118 603 1182 literis
623 1132 746 1180 mentes
762 1114 881 1178 docent
896 1113 1042 1180 Parrhas.
1058 1129 1091 1176 et
1109 1113 1216 1178 Barth.
1233 1113 1273 1176 ad
1287 1112 1454 1177 Claudiam.
1592 1181 1593 1196 ἢ

397 1222 574 1316 praefatsde
591 1222 685 1310 Rapt.
702 1221 850 1308 Proserp.
868 1217 922 1285 lih.
939 1220 988 1298 ll,
1004 1235 1037 1282 et
1053 1217 1139 1302 alii),
1158 1234 1190 1281 et
1207 1217 1341 1283 modum
1358 1217 1455 1282 remis

396 1326 553 1392 ducendis
565 1325 656 1398 (lare,
680 1339 712 1387 ct
725 1323 883 1386 celeusma
897 1343 1021 1388 mucre.
1042 1323 1090 1386 De
1105 1323 1208 1408 poesi,
1223 1345 1296 1408 qun
1308 1323 1370 1386 sub
1385 1323 1454 1401 ejus
1592 1365 1593 1372 κ

397 1434 530 1496 nomine
555 1430 792 1508 circumfertur,
806 1451 901 1515 quarn
920 1427 961 1493 ad
980 1429 1215 1492 Onomacrirum
1237 1427 1386 1512 quidam,
1402 1430 1453 1492 alii

395 1536 436 1601 ad
445 1538 608 1617 juniorem
620 1549 765 1622 poetam,
777 1532 870 1595 uobis
883 1533 1099 1620 incognitum,
1109 1530 1328 1612 reserunt,hic
1339 1532 1454 1620 agendi

395 1645 484 1707 locus
502 1665 568 1734 non
585 1656 650 1722 est,
663 1638 734 1704 ride
751 1637 886 1702 Fabricii
905 1637 1055 1702 Biblioth.
1071 1637 1175 1701 Gneo.
1193 1637 1248 1701 lib.
1266 1637 1296 1719 l,
1309 1659 1377 1725 cap.
1399 1639 1453 1718 18,

399 1765 430 1810 et
448 1743 706 1810 Schurtzlleisch.
725 1743 872 1806 notitiam
888 1740 1038 1812 Biblioth.
1050 1743 1204 1808 Weimar.
1219 1765 1289 1830 pag.
1310 1743 1378 1830 178.

440 1961 885 2052 PALAEMON,Apollodoro
895 1963 1458 2044 memoratru,Vulcani,sireAEtoIi

399 2075 499 2152 lilius;
512 2071 645 2158 Orpheo
654 2091 748 2148 vero,
757 2090 840 2131 vers.
855 2069 934 2148 208,
948 2067 1042 2130 Lerni
1056 2067 1138 2132 lilius
1151 2069 1271 2134 nothus
1283 2069 1412 2152 dicitur,
1422 2087 1453 2134 ct

398 2176 610 2243 Pulaemonius
624 2191 767 2254 vocatur,
783 2187 820 2236 ut
839 2189 873 2238 et
893 2174 1082 2262 Apollonio,
1102 2175 1134 2255 l,
1150 2197 1233 2253 202,
1250 2177 1307 2263 qui
1331 2175 1453 2242 dictum
1592 2253 1593 2260 ἵ

396 2280 528 2372 quidem
552 2281 648 2346 Lerni
676 2277 793 2360 lilium,
808 2277 864 2342 sod
886 2301 994 2342 revera
1011 2280 1146 2343 Vulcani
1173 2280 1270 2346 luisse
1286 2281 1382 2362 dicit3
1398 2284 1454 2370 qui

391 2390 511 2452 ‘ternus
524 2386 550 2450 si
565 2384 650 2448 idem
663 2384 720 2456 sit,
732 2406 830 2470 quem
844 2383 939 2446 Proeti
951 2382 1051 2446 lilium
1063 2383 1201 2448 vidimus
1214 2386 1312 2449 litissc
1323 2387 1356 2448 in
1367 2387 1455 2451 Nau·

391 2492 476 2582 plio,
490 2490 601 2556 itidem
627 2511 666 2554 ex
686 2487 791 2554 AEolia
814 2473 933 2550 familia
958 2510 1059 2576 genus
1083 2511 1179 2552 suum
1206 2489 1396 2555 deducebat.
1421 2493 1452 2556 Si
1592 2529 1593 2552 1

396 2621 473 2662 vero
484 2619 522 2660 ex
534 2593 721 2683 Apollodori
737 2593 893 2658 sententia
908 2594 1005 2656 fuerit
1016 2592 1115 2657 AEtoli
1130 2591 1230 2674 lilius,
1247 2598 1353 2682 potuit
1370 2597 1453 2660 illius
1592 2603 1593 2686 j

398 2702 496 2767 AEtoli
507 2701 622 2780 fuisse,
633 2699 689 2786 qui
703 2696 913 2786 Endymionis
925 2697 1024 2780 filius,
1036 2700 1163 2788 Calyces
1173 2699 1259 2763 AEoli
1271 2699 1342 2765 lilio
1353 2725 1452 2791 nepos

396 2808 476 2884 luit,
491 2823 523 2870 et
544 2806 587 2869 ita
610 2827 649 2868 ex
662 2803 797 2868 AEolidis
819 2826 920 2892 genus
947 2825 1078 2890 quoquc
1101 2804 1257 2886 traheret,
1270 2823 1301 2869 et
1316 2807 1452 2895 Calydo-

398 2913 486 2992 nius,
505 2927 544 2974 ut
561 2909 709 2998 Hyginus
728 2931 801 2972 eum
821 2908 914 2989 lacit,
932 2908 1052 2972 luisset.
1071 2910 1243 2996 ignoratur
1259 2911 1310 2976 hic
1327 2911 1452 2976 Valerio

397 3017 526 3094 Flacco,
543 3037 649 3101 neque
668 3012 761 3077 nobis
779 3011 819 3075 de
835 3035 875 3077 eo
890 3012 1027 3099 amplius
1046 3013 1124 3101 quid
1142 3032 1278 3080 constat.

442 3240 617 3321 PELEUS,
632 3241 730 3302 AEctci
744 3238 1041 3320 lilius,Telamonis
1064 3241 1171 3320 irater,
1197 3241 1327 3305 Achillis
1353 3260 1451 3330 poter,

399 3347 478 3410 nulli
492 3346 693 3434 incognitus,
707 3361 739 3408 et
753 3345 793 3408 ab
806 3344 959 3408 omnibus
971 3345 1055 3408 inter
1066 3347 1267 3432 Argonautas
1281 3369 1454 3412 connums

398 3467 496 3514 ratus.
524 3450 661 3514 Matrem
687 3449 754 3529 ejus
776 3450 882 3512 Tzon„
905 3447 946 3515 ad
961 3449 1104 3536 Lycoph.
1129 3449 1210 3535 275,
1232 3451 1332 3515 Deua
1355 3453 1452 3516 luisse
1592 3473 1593 3522 l

398 3555 524 3636 scribit,
547 3577 645 3642 quam
667 3555 701 3617 in
717 3553 865 3618 Endeida
882 3568 985 3618 mutat
1010 3551 1187 3622 Munianus
1208 3554 1248 3618 ad
1270 3557 1452 3646 Hyginum,

397 3659 489 3740 cujus
509 3676 601 3723 notas
617 3658 700 3723 vide.
720 3659 811 3722 Hanc
829 3657 1018 3723 Plutarchus
1036 3658 1070 3720 in
1086 3659 1147 3722 vita
1165 3659 1281 3724 Thesei
1302 3661 1450 3742 Sct'ronis,

397 3768 448 3830 alii
474 3765 615 3830 Chironis
641 3761 735 3828 liliam
764 3764 903 3844 faciunt,
928 3763 1017 3850 quod
1033 3765 1254 3848 verisimilium
1274 3782 1307 3830 ct
1333 3791 1451 3833 nomen

397 3868 483 3959 apud
499 3868 708 3933 Plutarchum
723 3883 911 3955 corruptum
926 3889 994 3932 csso
1010 3884 1112 3954 patet,
1125 3869 1198 3956 quia
1212 3893 1297 3933 uxor
1310 3871 1453 3936 Chariclo

397 3973 537 4052 additur,
554 3996 625 4060 quae
642 3971 777 4035 Chlroni
794 3973 856 4038 fuit
872 3989 989 4058 nuptu;
1002 3971 1075 4037 vide
1090 3973 1129 4038 ad
1147 3973 1241 4039 ovid.
1259 3977 1388 4040 Metam.
1406 3978 1452 4058 ll,
1592 3963 1593 3992 ¹

397 4081 478 4160 636,
493 4097 525 4144 et
540 4079 648 4145 Schol.
662 4077 754 4144 Pind.
772 4079 866 4166 Pyth.
881 4079 935 4160 tv,
950 4079 1023 4159 182,
1040 4095 1071 4142 et
1084 4081 1186 4167 Apoll.
1202 4083 1256 4164 lV,
1273 4083 1348 4147 613.
1364 4085 1453 4148 AEaci

398 4207 473 4246 vero
490 4199 590 4248 muter
610 4185 733 4270 AEgt’na
749 4181 868 4248 dicitur
884 4182 1018 4266 Ovidio,
1033 4184 1110 4248 Met.
1127 4186 1219 4266 Vlll,
1237 4187 1317 4268 6153
1332 4191 1452 4269 Statio,
