3150 5126
398 437 830 522 ARGONAUTICON,
853 436 943 506 LlB.
967 435 1008 508 X.
1172 471 1231 535 271

215 573 253 636 ln
271 587 390 636 terram
405 584 552 652 vertent,
567 589 639 657 quo
654 569 766 634 fertilis
782 569 887 636 insula
899 570 970 637 liet.
1008 635 1011 642 ,

214 688 306 750 Hanc
319 685 454 765 juvenes
474 683 644 772 nostrique
659 684 767 748 colent
780 706 839 772 per
851 685 933 752 secla
944 703 1091 776 nepotes.

212 801 396 865 Occurrens
414 798 509 862 nobis
528 797 645 862 Triton
660 795 751 863 dedit
764 797 892 888 hospita
906 799 992 866 dona

212 916 250 979 In
264 915 382 1002 Libya,
398 929 431 978 ct
445 912 540 977 nobis
559 911 709 1001 praesenti
726 912 862 977 numine
878 913 968 978 fulsit
977 945 1001 980 ι.

254 1033 307 1097 Sic
324 1032 383 1114 ait,
402 1047 435 1096 at
451 1052 571 1094 vanum
587 1029 752 1096 AEsonidae
769 1051 837 1094 non
858 1032 977 1121 cogitat
995 1035 1090 1098 heros
1193 1061 1232 1110 ,σο

209 1147 374 1212 iudicium
391 1145 598 1235 Euphemus:
620 1145 700 1233 quin
716 1143 811 1208 dictis
825 1145 923 1216 laetus,
934 1163 967 1210 et
978 1170 1036 1212 ore

209 1249 377 1342 vaticino,
392 1283 522 1349 parvam
543 1258 697 1324 demersit
716 1260 749 1323 in
767 1281 897 1348 aequora
914 1277 1044 1328 terram.

210 1375 334 1441 Emicat
354 1377 408 1440 illa
429 1397 562 1466 repens,
583 1375 752 1464 surgitque
774 1375 876 1440 levata
897 1377 1073 1464 profundo.

208 1493 252 1555 At
271 1491 368 1578 primi
386 1490 501 1554 Lemni
519 1489 682 1555 Sintiados
699 1505 774 1554 ante
794 1489 902 1553 coloni

210 1605 302 1670 Illinc
317 1605 440 1694 expulsi
450 1605 664 1694 Tyrrhenum
678 1603 820 1669 fortibus
836 1605 951 1688 armis,
1014 1629 1015 1632 ¹
1191 1627 1228 1676 ‚es

208 1721 294 1784 ‘l'um
307 1719 442 1810 Sparten
458 1720 589 1786 coluere
604 1720 728 1808 ipsam,
746 1743 843 1809 quam
859 1721 1007 1810 linquere
1022 1720 1152 1786 adactos

206 1834 435 1920 Autesionides
449 1857 547 1900 ausus
561 1832 731 1899 traducere
742 1835 864 1898 Theras

207 1945 245 2009 In
262 1927 381 2011 terram
391 1947 500 2036 pelagi
520 1947 690 2029 Callisten,
708 1947 841 2012 nomina
852 1947 931 2012 luce

207 2061 256 2124 Ex
275 2061 328 2126 illa
346 2062 486 2151 sumpsit
505 2062 629 2144 There,
651 2077 725 2150 post
745 2061 858 2125 lunera
880 2061 974 2142 cujus

205 2173 367 2263 Euphemi
388 2175 470 2240 lacta
490 2191 539 2239 est
558 2173 628 2239 haec
649 2175 754 2238 insula
775 2189 844 2238 tota
862 2173 1003 2263 superbi.
1189 2211 1228 2248 77⁰

253 2287 335 2354 Inde
351 2289 571 2378 relinquentes
590 2289 685 2354 celeri
705 2288 787 2353 freta
806 2287 936 2354 turbida
955 2312 1070 2370 cursu,

205 2403 314 2468 Litora
331 2427 430 2470 curva
447 2405 562 2495 legunt
574 2403 701 2493 AEginae
719 2401 899 2492 Asopidos3
919 2403 985 2468 illic

205 2515 276 2579 Lite
292 2515 352 2580 viri
369 2533 490 2581 certare
506 2533 620 2606 parant
635 2533 708 2581 uter
724 2517 850 2580 hauriat
864 2516 978 2584 undas.

206 2631 351 2721 Cogebat
366 2631 457 2696 duris
473 2633 611 2721 populos
630 2632 663 2695 in
680 2632 779 2696 rebus
796 2647 928 2720 egestas.

205 2743 451 2832 Myrmidonum
471 2746 564 2835 pueri
584 2767 743 2811 memores
760 2745 943 2811 certaminis
962 2745 1024 2808 acti
1186 2769 1225 2822 7⁷⁵

205 2860 233 2922 A
245 2862 390 2948 proavis,
408 2877 547 2926 currunt
560 2861 654 2925 celeri
667 2883 726 2948 per
737 2860 831 2923 litora
843 2859 967 2948 planta,

205 2973 379 3064 Turbaque
392 2999 482 3040 nunc
494 2976 592 3065 prisci
606 2974 777 3041 contendit
792 2976 931 3066 imagine
947 2975 1034 3055 ludi,

206 3090 357 3172 Quorum
365 3089 520 3154 humeros
527 3090 630 3180 gravis
639 3089 728 3154 unda
735 3089 996 3178 premit,premit
1004 3105 1037 3152 et
1044 3089 1274 3182 cadusingens.

249 3425 405 3491 Gannsrs
417 3426 555 3490 heroum
570 3426 644 3491 felix
660 3448 779 3516 genus,
798 3425 897 3515 impia
910 3425 1041 3515 quando

203 3541 260 3606 Vis
277 3540 393 3622 maris,
411 3557 444 3605 et
464 3541 584 3604 crebris
603 3540 776 3605 cessabunt
794 3539 892 3604 llabra
907 3543 1066 3630 procellis.

203 3653 351 3737 Laetitiae,
367 3669 547 3741 cannasque
560 3650 717 3717 aderunt:
738 3675 815 3717 mox
830 3653 957 3741 pectine
976 3653 1089 3718 Phoebi

202 3767 339 3832 Dulcior
354 3766 477 3833 attollet
490 3781 613 3830 vestros
634 3788 731 3855 super
747 3783 831 3830 astra
846 3767 986 3846 labores,

203 3885 377 3947 Annorum
395 3902 551 3970 superans
568 3879 729 3944 volventia
752 3881 858 3974 secula
878 3880 959 3944 Clio.

201 3999 326 4060 Rursus
338 3997 379 4061 ab
392 3993 510 4084 AEgina
523 3992 735 4058 redeuntibus
748 4016 858 4083 aspera
874 3994 957 4060 bella

202 4111 297 4176 Nulla
316 4127 417 4175 ratem
432 4131 580 4198 pressum
595 4125 745 4189 manent,
762 4106 977 4178 necturbinis
993 4109 1052 4171 atri
