3166 5130
362 443 422 539 iso
656 477 693 541 c.
717 475 911 542 vsnnnn
939 477 1111 547 rancor

444 603 531 694 Bago
545 619 583 668 ut
598 618 665 669 erat
677 607 768 670 vultu
785 605 907 672 defixus
923 624 1061 698 uterque
1074 612 1195 694 silenti,

397 718 536 805 Noxque
552 739 648 782 suum
664 718 835 808 peragebat
851 720 928 802 iter,
942 722 1071 803 jamjam
1087 748 1143 790 ora
1158 728 1263 794 levare

400 831 598 914 AEsoniden,
614 832 739 921 farique
755 835 845 922 eupit
860 834 973 900 Medea
989 839 1139 926 priorem.

401 946 508 1028 Quam
525 946 621 1010 simul
638 946 749 1012 effusis
763 949 958 1036 pavitantem
976 948 1103 1016 fletibus
1118 953 1231 1034 beros,
1375 982 1414 1026 no

400 1063 650 1153 Flagrantesque
662 1084 759 1152 genas
776 1061 876 1145 vidit,
902 1065 1121 1154 miserumque
1138 1067 1316 1156 pudorem,

399 1177 465 1242 Has
482 1174 611 1240 taudem
626 1195 720 1239 voces
738 1175 843 1258 dedit,
856 1191 890 1240 et
904 1178 1024 1244 solatus
1042 1197 1202 1246 amantem
1220 1199 1282 1248 est:

399 1323 412 1348 ι
424 1290 544 1357 Fersn'e
559 1291 698 1377 aliquam
712 1313 802 1379 spem
819 1289 920 1355 lucis?
934 1291 993 1372 ait,
1011 1292 1158 1358 miserata
1174 1295 1317 1361 laborem

398 1404 523 1491 Nempe
538 1400 649 1466 venis?
663 1424 705 1465 an
721 1418 754 1467 et
770 1403 838 1492 ipsa
854 1425 924 1469 mea
939 1403 1085 1471 laetabere
1099 1408 1225 1474 morte?

399 1517 467 1598 Ne,
485 1501 611 1604 precor,
624 1512 758 1580 infando
774 1515 911 1582 similem
927 1534 977 1601 te,
991 1518 1096 1609 virgo,
1115 1523 1239 1608 parenti
1373 1543 1410 1588 ιιι

398 1629 557 1697 Gesseris:
571 1625 660 1693 haud
680 1627 758 1692 tales
773 1626 867 1693 decet
880 1629 1084 1696 inclementia
1098 1631 1218 1698 vultus.

399 1744 537 1808 Haecine
550 1765 638 1808 nunc
656 1757 777 1831 grates,
793 1743 862 1808 baec
875 1761 1054 1832 exspectata
1069 1733 1218 1810 laborum

400 1859 493 1922 Dona
509 1856 578 1922 dari
593 1854 722 1921 decuit?
735 1857 782 1921 sic
796 1872 828 1922 te
842 1858 904 1923 sub
923 1875 1003 1924 teste
1019 1861 1139 1926 remitti

399 1975 457 2038 Fas
471 1995 543 2054 me,
557 1973 664 2061 virgo,
685 1970 804 2036 tunm?
823 1973 925 2054 justas
942 1973 982 2039 da
997 1975 1131 2040 vocibus
1148 1998 1251 2042 aures.

398 2087 467 2152 Nec
484 2101 576 2174 pater
593 2084 646 2149 ille
664 2099 740 2149 tuus
756 2087 852 2150 tantis
871 2109 924 2152 rue
937 2109 1104 2177 opponere
1121 2091 1293 2169 monstris,
1374 2113 1412 2157 n.

387 2307 440 2360 419.
453 2301 497 2346 Fas
511 2296 574 2343 miii
586 2296 660 2344 vatic.
672 2297 762 2343 Βοιιοιι.
775 2295 846 2344 codd.
859 2298 923 2346 lunt
940 2307 964 2347 st
976 2309 1075 2363 postem
1087 2303 1132 2349 Fas
1143 2303 1183 2350 mi.
1201 2301 1281 2350 llari.
1298 2317 1329 2349 an
1343 2269 1412 2350 etiarn

353 2378 470 2425 Camil?
489 2375 526 2423 Ci.
537 2375 616 2424 lleins.
625 2384 649 2421 at
659 2376 738 2422 num.
747 2383 807 2422 nott.
823 2377 869 2425 En.

351 2601 392 2635 σοι
413 2580 492 2635 isnin
509 2577 533 2630 in
551 2576 640 2647 eipssn
658 2575 795 2648 ιῤῥίῑιιιται
811 2581 861 2633 Nn·
905 2575 1036 2643 continet,
1047 2595 1096 2632 nec
1108 2576 1159 2651 ipsi
1167 2576 1234 2631 adeo
1245 2575 1345 2632 biedcan
1354 2595 1414 2652 psr·

354 2681 379 2714 ιι
401 2659 408 2678 ’
427 2698 434 2712 .
904 2652 988 2718 σιω.
1002 2655 1060 2720 418.

381 2679 446 2807 'iiim
463 2734 551 2804 Ergo,
564 2731 630 2785 dum
647 2731 752 2786 silentes
764 2731 860 2785 demis-
939 2733 998 2796 413.
1014 2739 1103 2788 Fame
1121 2739 1233 2804 aliquam
1251 2755 1317 2804 spem
1336 2737 1409 2797 bren,

351 2834 434 2888 soqus
454 2813 529 2866 vultu
550 2811 585 2863 ita
608 2823 701 2865 contra
720 2829 747 2864 se
770 2822 857 2875 stant,
902 2811 1008 2866 salutis?
1024 2811 1075 2866 Eu.

352 2912 451 2962 noxque
474 2911 543 2943 snum
554 2893 690 2959 peragebat
707 2893 759 2950 iter.
779 2891 807 2943 in
827 2908 859 2943 eo
939 2891 999 2954 415.
1012 2895 1136 2962 Infando,
1147 2892 1413 2967 iniquissimo,perii·

352 2983 427 3036 erat,
442 2982 473 3023 nt
489 2979 642 3041 perageret,
656 2966 764 3039 diesque
778 2985 860 3040 prope
903 2966 939 3021 do
949 3009 957 3034 ,
963 2975 1072 3038 parenti.

353 3051 503 3104 illucescere
522 3045 679 3117 incipiebat,
691 3048 799 3118 jamjam
816 3047 860 3100 Ja·
938 3049 998 3111 418.
1006 3051 1046 3100 Sic
1057 3063 1081 3100 es
1090 3053 1133 3101 sub
1141 3041 1283 3123 (παρίλιιιι,
1295 3064 1324 3106 ut
1333 3056 1411 3126 sepe)

351 3148 443 3185 sonem
460 3127 561 3180 vultum
577 3127 689 3196 erigere,
699 3127 804 3192 farique
817 3144 859 3174 eu·
903 3140 971 3187 teste,
997 3136 1023 3178 te
1049 3141 1176 3199 praesente
1197 3129 1305 3198 (adluit
1323 3133 1411 3196 enirn;

347 3213 388 3280 pie
409 3211 496 3260 Medea
515 3207 632 3273 priorem.
654 3203 724 3256 liene
746 3203 858 3255 consulit
902 3202 955 3256 vid.
966 3221 1046 3276 supra
1061 3205 1109 3260 103
1120 3210 1139 3276 ),
1150 3211 1251 3270 remitti,
1262 3209 1412 3281 repudiari,

352 3286 448 3363 pudori
458 3283 565 3356 virginis
573 3293 651 3354 poeta
660 3323 667 3348 ,
677 3282 723 3354 qni
734 3281 857 3353 loquendi
893 3283 940 3351 sas
949 3301 987 3333 nas
995 3298 1076 3347 tuam,
1087 3285 1133 3357 qui
1147 3297 1283 3359 tantopere
1294 3299 1319 3342 te
1332 3290 1392 3343 colo
1404 3327 1412 3353 ,

350 3365 454 3439 cupitis
465 3362 558 3436 prioris
569 3373 655 3414 tamen
666 3361 858 3414 sermocinatio
901 3379 961 3414 amo
968 3361 1065 3431 ijustas
1076 3368 1111 3416 da
1122 3369 1223 3418 vocibus
1234 3387 1316 3428 aures,
1331 3369 1413 3442 equis

350 3446 393 3500 nis
406 3455 491 3516 partes
502 3460 554 3494 non
568 3439 668 3494 tribuit.
902 3441 1008 3494 auribus
1018 3459 1147 3516 aequoque
1159 3445 1248 3497 animo
1259 3445 1357 3501 audias.

387 3531 446 3590 ιςιο,
457 3523 546 3588 Quam
559 3531 587 3573 ut
599 3519 702 3572 anxiam
712 3516 858 3590 multasque
938 3527 996 3584 iao.
1015 3521 1055 3574 Ne
1069 3537 1144 3590 pater
1159 3523 1266 3594 quidem
1284 3540 1353 3587 tuas,
1369 3529 1412 3578 iiie

350 3603 504 3660 fundentem
525 3599 660 3662 lacrimas,
671 3601 858 3669 flagrantesque
902 3592 1058 3672 (ιμφατιιιῶς
1068 3593 1091 3670 ),
1106 3611 1160 3653 tam
1173 3600 1260 3668 dnus,
1272 3606 1354 3655 voluit
1369 3623 1413 3658 me

347 3703 424 3755 genas
442 3679 522 3746 vidit,
535 3682 708 3746 mr'semmque,
721 3677 768 3750 qui
782 3678 857 3730 mise·
900 3676 1023 3749 perdere,
1031 3698 1114 3751 quum
1123 3681 1237 3752 primurn
1247 3682 1329 3734 vellus
1339 3683 1412 3754 petii.

349 3759 490 3816 ricordiam
500 3755 750 3826 moveret(0vielius
760 3756 859 3827 aliquo
901 3757 1014 3822 llevera,
1035 3761 1122 3812 AEetes
1144 3759 1268 3812 iasonem
1288 3761 1413 3817 simulata

348 3843 410 3908 ties,
420 3841 527 3892 Metam.
540 3837 575 3900 X,
587 3843 636 3900 iar
648 3853 655 3899 ;
668 3835 762 3888 Noster
775 3834 858 3898 inira,
902 3835 1060 3906 benignitate
1080 3850 1231 3910 exceperam
1252 3838 1307 3892 vid.
1330 3859 1412 3912 supra

349 3941 441 3991 agrum
450 3922 473 3988 ),
478 3921 599 3986 pudorem
612 3919 657 3967 iras
670 3917 769 3967 tandem
784 3933 858 3965 voces
902 3912 939 3976 V,
951 3914 1009 3978 534.
1021 3916 1072 3969 En.
1085 3947 1119 3957 —
1129 3919 1170 3969 Au
1182 3917 1303 3971 monstris
1313 3935 1355 3971 me
1364 3921 1412 3972 ob·

352 4003 431 4060 dedit,
447 4013 471 4049 et
482 3999 573 4048 solatus
591 4009 714 4045 amantem
726 4005 770 4043 est.
785 3992 858 4044 Sola·
899 3992 979 4064 jicere
987 4014 1051 4046 nnnc
1063 3999 1129 4058 nuit,
1141 4015 1222 4068 quum
1231 4001 1298 4064 jacet
1308 4013 1413 4050 externa

351 4076 410 4130 tus?
419 4080 452 4128 At
464 4093 541 4138 vero,
554 4090 612 4144 quae
625 4070 742 4142 sequitur
755 4069 857 4132 oratio,
902 4076 1012 4140 cuspide,
1020 4071 1107 4126 hostili
1116 4075 1206 4128 lancea
1216 4113 1223 4138 ,
1233 4079 1340 4128 Canthus
1348 4077 1412 4144 (Vl,

351 4155 419 4208 nihil
434 4154 513 4206 babet
533 4151 633 4215 solatii,
646 4151 727 4202 immo
744 4167 806 4201 vero
820 4149 858 4201 nil
903 4149 984 4219 317)?
1003 4157 1116 4220 quodque
1136 4173 1200 4206 meas
1221 4157 1306 4206 wan}
1323 4158 1413 4206 cecidit

351 4233 402 4287 nisi
423 4231 544 4304 querelas
564 4229 596 4280 de
619 4228 755 4299 iniquitate
776 4228 858 4298 patris
897 4248 945 4296 pro
960 4233 1075 4282 moenibus
1090 4231 1273 4304 Iphisillujua
1291 4233 1363 4286 nulla
1380 4231 1412 4286 iit
