3150 5126
131 570 1195 600 mmmfflmfflmmmmmfflm

297 869 347 917 at)
370 866 523 916 CLARISS.
544 866 589 914 AC
612 864 793 914 ORMTISS·
813 864 1026 913 sunnonem

179 1071 229 1147 D.
259 1069 346 1148 FR.
375 1065 894 1148 ELEPHANTUTIUM
927 1067 1142 1150 BONON.

207 1221 210 1226 Ἴ
371 1283 958 1345 sotunsssserrsrsmus.
1138 1255 1143 1264 ’

542 1512 781 1538 *⁸*-

179 1741 365 1828 Pindarus,
378 1739 509 1812 Atticus
529 1738 619 1828 olor,
638 1743 781 1810 Senator
796 1737 1020 1836 amplissime,
1032 1747 1199 1843 Tempus,

126 1863 280 1934 omnium
297 1877 442 1959 patrem,
457 1876 576 1958 potens
589 1861 748 1957 operibus
765 1862 939 1958 imponere
953 1865 1072 1955 finem,
1085 1885 1200 1961 vocat,

125 1986 279 2056 homines
294 1985 433 2056 laudans
451 2010 528 2070 eos,
551 1986 675 2079 quibus
693 1987 798 2054 Parca
818 1985 925 2056 laetam
944 2014 1019 2058 cum
1040 1988 1198 2065 felicitate

126 2109 297 2180 fortunam
321 2123 439 2180 servat.
458 2107 637 2180 Pindarica
657 2110 820 2178 sententia
844 2111 941 2180 nobis
964 2112 1199 2209 impraesentia-

126 2259 200 2304 rum
220 2233 401 2321 convenit,
417 2233 476 2327 qui
496 2231 650 2302 secundis
664 2233 823 2327 temporis
837 2234 996 2328 auspiciis
1013 2238 1082 2325 usi,
1095 2241 1200 2335 Apol·

125 2355 207 2428 lonii
236 2347 412 2451 Flaccique
440 2355 546 2424 nostri
574 2353 711 2451 pelagus
737 2356 1004 2451 eremigavimus.
1043 2360 1197 2435 Felicitas

125 2505 260 2577 quoque
281 2479 476 2574 tempestiva
494 2478 669 2548 subvenit:
685 2479 807 2547 etenim
827 2480 914 2549 inter
932 2485 1048 2552 Musas
1067 2501 1197 2560 nostras

124 2607 318 2676 secretiores
342 2603 471 2700 Orphei
494 2601 721 2697 Argonautica
744 2603 843 2671 Latio
867 2607 1086 2702 transcripta,
1110 2634 1196 2705 opus

122 2729 341 2824 Adespoton‚
372 2753 440 2797 uon
473 2727 640 2821 ingratum
674 2739 809 2812 tamen,
832 2726 1034 2815 invenimus,
1057 2756 1116 2827 per
1142 2759 1196 2803 me

123 2853 260 2946 quidem
275 2850 453 2945 scriptum,
471 2874 539 2919 non
555 2875 595 2918 ex
613 2874 676 2918 me.
694 2851 780 2919 Sunt
796 2850 855 2943 qui
873 2849 907 2917 id
922 2874 1040 2944 poema
1058 2861 1195 2949 putant,

121 2990 156 3045 et
175 2988 371 3046 constanter
394 2987 546 3043 asserunt
568 2972 697 3068 Orphei
722 2971 861 3066 OEagrii
889 2972 1005 3041 soetum
1029 2999 1099 3046 esse
1121 3004 1195 3075 per.

121 3100 301 3195 antiquum
318 3124 327 3185 ;
347 3096 440 3194 quod
463 3122 531 3166 non
552 3095 652 3165 semel
672 3096 744 3191 ipse
762 3110 912 3165 testatur.
939 3099 1101 3170 Nonnulli
1124 3129 1194 3172 cre.

121 3221 275 3294 dulitatis
305 3222 416 3316 impiae
445 3218 624 3290 criminant
655 3233 844 3304 auctorem,
864 3233 897 3288 et
926 3219 968 3288 ad
993 3235 1191 3322 metempsy-

118 3347 240 3418 chosin
272 3344 527 3441 Pythagoricam
561 3343 683 3412 referre
714 3341 839 3430 solent,
862 3357 899 3412 ut
927 3343 1054 3415 scilicet
1082 3351 1192 3421 anima

117 3469 265 3538 Thracis
279 3467 407 3562 Orphei
424 3469 459 3536 in
478 3468 569 3536 hunc
582 3467 757 3561 Orpheum
777 3465 1040 3558 transvolaverit.
1056 3474 1098 3541 Hi
1118 3477 1193 3545 Sui·

116 3589 197 3660 dam
228 3613 374 3685 graecum
401 3589 616 3684 interpretem
647 3601 850 3682 sequuntur,
868 3589 948 3683 qui,
968 3615 1009 3660 ex
1026 3599 1191 3668 sententia

116 3709 350 3808 Asclepiadis,
369 3694 535 3780 iliversum
556 3726 666 3780 tamen
689 3710 731 3779 ab
754 3708 811 3778 illo
829 3709 1001 3807 Theologo
1029 3730 1063 3785 et
1082 3692 1195 3815 Argo'.

116 3851 227 3906 nauta
249 3833 340 3903 hunc
358 3834 533 3930 Orpheum
556 3849 687 3930 poetam
707 3833 873 3920 facientis,
892 3847 1042 3930 tempore
1061 3847 1193 3935 tyranni

115 3957 290 4029 Pisistrati
310 3955 484 4025 florentem
512 3957 607 4026 aiunt
637 3956 805 4052 scripsisse
832 3981 907 4050 quae
932 3973 1062 4028 exstant
1082 3966 1194 4058 Argo-

114 4082 275 4166 nautica,
296 4081 516 4161 Decaeterias,
535 4077 708 4174 multaque
737 4079 772 4148 id
803 4105 916 4175 genus.
944 4080 1095 4154 AElianus
1112 4085 1194 4158 falsa

115 4229 226 4301 super
245 4203 385 4300 Orpheo
407 4219 528 4274 cuneta
554 4204 685 4274 censuit
709 4220 742 4273 et
767 4201 936 4292 sabulosa3
959 4208 1117 4301 quoniam
1139 4212 1194 4281 Bi-

186 4328 235 4392 ΙΙ.
1026 4332 1063 4397 18
