3150 5126
390 523 452 588 29²
829 501 1021 570 OllPllEI

433 633 517 696 Cum
533 629 654 696 cithara
677 646 808 720 argutos
823 631 958 698 Chironi
974 655 1141 724 opponere
1153 649 1278 702 cennas.

430 748 473 811 At
492 745 573 810 milri
590 768 658 809 non
672 744 746 810 ideo
761 767 949 836 persuasum
968 763 1037 814 est:
1058 771 1198 837 namque
1212 749 1334 815 rubore

432 860 586 925 Perfusus
600 860 727 941 juvenis
744 861 829 925 senis
840 863 977 926 temulus
992 861 1216 943 esseverebar,
1413 885 1447 928 tos

430 977 503 1064 lpse
520 997 619 1039 senex
635 972 741 1039 donec
759 976 893 1064 cupiens
909 991 1106 1065 cantansque
1121 978 1226 1066 coegit

429 1089 573 1154 lnvitum
592 1088 722 1152 alternis
740 1087 881 1154 modulis
901 1087 1098 1154 contendere
1116 1089 1248 1154 Chiron.

473 1203 640 1292 Increpuit
655 1203 744 1292 prior
759 1224 837 1293 ergo
852 1203 919 1292 lyra
933 1205 1113 1269 Centaurus
1127 1203 1266 1286 eburna,

430 1319 603 1407 Quamque
619 1319 686 1382 suis
704 1333 830 1408 gestans
847 1317 996 1382 manibus
1014 1319 1157 1408 porrexit
1170 1317 1321 1384 Achilles.

430 1435 472 1498 Et
487 1433 590 1513 canit,
609 1447 646 1496 ut
671 1431 792 1496 luerint
808 1453 876 1494 non
895 1453 990 1519 aequo
1012 1447 1114 1496 marte
1131 1431 1253 1497 feroces
1412 1455 1446 1496 o·

426 1547 610 1636 Alapithis
624 1547 711 1626 justa
730 1545 882 1608 Centauri
902 1560 1008 1608 morte
1025 1547 1201 1634 perempti,

428 1663 471 1727 Et
487 1677 608 1726 temere
622 1659 755 1724 Alciden
771 1681 868 1723 ausos
884 1659 1065 1748 irrumpere
1082 1677 1196 1726 contra

429 1779 468 1842 ln
487 1776 613 1841 Pholoe
629 1795 808 1864 pugnasse,
833 1795 925 1838 mero
941 1773 1078 1839 faciente
1097 1777 1232 1840 fruor-es.

473 1893 530 1956 Ast
547 1913 608 1980 ego
624 1905 694 1954 tum
705 1938 715 1971 ,
728 1889 850 1954 cithara
864 1905 939 1978 post
954 1889 1044 1954 illurn
1059 1913 1099 1953 ex
1114 1889 1229 1954 ordine
1241 1907 1384 1978 sumpta,

427 2001 619 2080 Mellilluum
636 2024 792 2068 resonans
805 2001 898 2066 emisi
920 2017 1053 2092 gutture
1071 2017 1212 2068 cantum.
1409 2022 1445 2068 ⁴1⁵

428 2119 592 2208 Nigrantis
609 2133 688 2183 tunc
704 2140 782 2208 ergo
796 2117 906 2180 Chaus
921 2115 1127 2205 prediximus
1142 2119 1318 2207 hymnum,

429 2235 474 2298 Ut
490 2257 643 2298 conversa
655 2235 827 2314 elementa,
844 2234 1006 2322 polusque
1019 2235 1168 2323 apparuit
1182 2235 1338 2318 horrens;

360 2381 366 2406 t
433 2347 598 2435 Quodque
621 2369 722 2437 genus
742 2348 837 2411 vastis
856 2347 968 2430 terris,
985 2347 1154 2438 pelagique
1168 2349 1382 2438 profundum3

429 2461 573 2526 Consilio
593 2477 630 2524 ut
646 2459 790 2550 prudens
810 2477 907 2549 atque
930 2461 1172 2550 antiquissimus
1187 2465 1305 2529 horum

427 2577 551 2640 Cuncta
569 2597 629 2640 suo
645 2575 808 2665 generavit
825 2597 927 2658 amor,
945 2577 1079 2640 secrevit
1096 2594 1129 2642 et
1149 2579 1233 2668 ipsa3
1406 2609 1442 2648 n.

427 2691 669 2779 Saturnumque
685 2713 830 2780 gravem,
850 2691 1034 2780 summique
1050 2707 1088 2755 nt
1105 2689 1245 2781 denique
1259 2694 1325 2757 caeli
1394 2761 1398 2774 ,

427 2803 589 2892 Excepere
607 2804 717 2867 lovem
734 2803 849 2892 regalia
865 2817 989 2891 sceptra
1007 2821 1184 2870 tonantem.

427 2917 669 3004 Cantabamque
687 2938 790 3006 genus
805 2917 980 2999 juvenum,
995 2935 1027 2982 et
1042 2911 1096 2999 ju's
1112 2937 1210 2984 omne
1226 2919 1378 3004 deorum,

426 3031 611 3120 Pugnacem
628 3031 808 3112 Bacchum,
825 3046 858 3096 et
875 3030 1016 3095 crudelia
1036 3033 1119 3097 facta
1140 3035 1326 3124 Gigantum.

425 3144 571 3209 Mortalis
589 3167 686 3233 super
704 3145 774 3209 haec
787 3144 959 3209 hominum
979 3163 1152 3212 memorata
1172 3171 1314 3240 propago
1403 3174 1440 3218 ns

426 3259 483 3324 Est
507 3259 605 3339 mihi,
623 3275 656 3322 et
671 3276 846 3348 angustum
862 3259 998 3324 veniunt
1016 3277 1140 3326 cantata
1155 3282 1375 3352 perannum,

426 3372 607 3437 Praedrdccs
625 3373 749 3462 plectro
765 3372 921 3437 reddente
939 3396 998 3462 per
1014 3377 1094 3440 atria
1110 3399 1222 3458 voces,

425 3485 631 3574 Obstupuere
650 3487 754 3573 apices
773 3487 957 3575 montisque
979 3504 1011 3551 et
1028 3489 1115 3553 vallis
1136 3513 1235 3579 opaca

426 3600 595 3680 Pedanos,
618 3621 821 3686 quercusque
841 3601 911 3664 altae
930 3599 970 3664 de
987 3603 1129 3667 carmine
1144 3621 1241 3670 motae

423 3715 593 3779 Convulsis
616 3731 792 3804 properant
810 3714 938 3780 adeam
955 3715 1115 3781 radicibus
1133 3720 1257 3800 aulam,

422 3827 610 3917 Auditoque
625 3829 700 3892 feras
718 3845 833 3910 cantu,
851 3846 1013 3918 petreque
1027 3847 1204 3918 strepentes

422 3943 590 4032 Speluncae
615 3943 742 4005 stabant
759 3942 933 4026 informes,
957 3945 1085 4032 agmine
1107 3947 1201 4009 facto.

421 4057 607 4138 Quinetiam
626 4056 715 4119 fessis
733 4055 856 4118 stabula
872 4055 911 4118 ad
931 4057 1120 4121 Centaurica
1136 4061 1267 4147 pennis,

421 4171 695 4258 Immemoresque
721 4171 769 4234 sui
789 4170 858 4233 nidi
880 4193 996 4234 venere
1012 4172 1169 4236 volucres.
