3150 5126
401 505 463 570 308
567 540 571 549 ,
838 503 1032 568 ORPllEl

440 641 589 726 Cumque
605 635 813 702 chamaemelo
825 636 957 718 smilax,
972 657 1087 700 mecon
1104 655 1236 723 quoque
1253 635 1360 724 nigra,

440 755 623 842 Alcysque,
637 765 670 816 et
682 771 837 840 panaces,
852 764 885 814 et
898 771 1054 839 cepason,
1069 765 1167 837 atque
1179 749 1365 833 aconitum,

441 867 483 932 Et
499 889 570 955 quae
586 864 655 933 dira
671 865 739 930 suis
753 864 817 930 lert
832 864 977 955 gramina
992 881 1076 930 terra
1091 865 1234 930 venenis.

440 985 479 1050 ln
494 979 602 1048 medio
615 981 713 1070 stipes
728 979 793 1070 sagi
807 1002 906 1062 sacer,
919 979 1040 1044 arduus
1052 978 1154 1044 altum
1426 995 1460 1045 ού

440 1099 603 1163 Densatur
616 1117 766 1177 nemore,
779 1111 813 1158 et
828 1094 924 1158 ramis
938 1093 1152 1183 spatiantibus
1164 1094 1237 1158 exit.

437 1213 500 1279 llic
516 1212 617 1301 igitur
633 1209 787 1298 Phryxaea
802 1210 893 1276 omni
907 1208 949 1274 de
966 1223 1057 1298 parte
1072 1209 1236 1299 refulgens

435 1327 543 1396 Aurea
559 1325 680 1416 pendet
698 1326 784 1391 ovis:
800 1334 931 1414 serpens
946 1325 999 1390 hic
1015 1325 1131 1390 vellera
1144 1325 1266 1390 circum

436 1442 625 1531 Pervigilat,
643 1439 735 1508 dictu
752 1457 935 1506 monstrum
954 1440 1144 1506 mortalibus
1161 1440 1308 1505 horrens.

435 1557 519 1622 Nam
537 1557 658 1646 tegitur
676 1555 765 1620 fulvo
781 1557 889 1636 corio,
907 1555 1083 1644 multisque
1102 1554 1279 1645 superbum
1424 1582 1459 1620 n·

436 1669 612 1762 Amplexus
628 1687 783 1734 truncum
801 1669 894 1754 spiris
911 1669 1098 1760 ingentibus
1114 1669 1230 1746 ambit,

433 1786 624 1873 lnlernique
638 1785 726 1850 lovis
741 1783 871 1873 signum
891 1806 951 1872 pro
969 1784 1086 1849 vellere
1099 1799 1191 1850 vexat

428 1899 614 1964 Indomitus
628 1913 753 1980 custos,
775 1914 808 1962 et
824 1899 931 1963 somni
948 1900 1075 1964 nescius
1091 1899 1223 1989 anguis,

433 1997 571 2079 Sordida
588 2011 784 2077 convolvens
800 2011 950 2077 humenti
965 2012 1089 2076 lumina
1108 2011 1195 2078 tabo.

476 2131 536 2192 Ast
550 2127 608 2192 ubi
625 2126 668 2191 de
686 2128 812 2191 eunctis
828 2143 866 2192 ut
880 2143 972 2192 erant
987 2127 1151 2192 serissima
1167 2127 1265 2194 rebus
1422 2147 1459 2196 ,υἱ

431 2241 610 2324 Novimus,
627 2257 661 2305 et
677 2242 818 2306 tenebris
838 2243 990 2324 Hecates,
1008 2241 1144 2306 custode
1157 2241 1318 2322 dracone,

433 2357 552 2423 Omnia
568 2379 640 2444 quae
654 2355 749 2420 nobis
769 2356 914 2446 prudens
930 2355 1044 2422 Medea
1060 2357 1206 2440 resolvit,

433 2472 602 2538 Poscimus
618 2471 652 2536 in
671 2487 762 2536 tanto
780 2487 813 2536 et
828 2472 898 2537 sine
917 2493 974 2561 spe
993 2470 1197 2555 discrimine,
1215 2493 1296 2538 sceva

430 2587 508 2668 Quo
523 2585 584 2652 des
601 2586 644 2652 sit
660 2584 817 2677 placanda
833 2584 951 2668 modo,
972 2587 1140 2674 faveatque
1155 2601 1282 2677 rogata,

428 2703 474 2766 Ut
489 2702 532 2767 sit
548 2702 609 2766 iter
626 2723 742 2766 nemus
759 2701 792 2764 in
810 2717 955 2783 vastum,
979 2699 1176 2789 tandemque
1191 2717 1322 2788 recepto
1418 2719 1457 2769 ,ὼ

428 2817 466 2880 ln
479 2817 599 2905 patrias
615 2817 678 2880 laeti
695 2814 864 2880 redeamus
880 2815 995 2880 vellere
1012 2829 1122 2880 terras.

427 2931 522 2994 Tunc
542 2929 678 3018 Mopsus
700 2931 828 3011 jubete
847 2931 973 2995 cunctis
991 2929 1146 2995 heroibus
1166 2951 1270 3010 unus,

427 3044 510 3108 Nam
526 3043 588 3106 fuit
604 3043 736 3132 ingenio
753 3059 857 3127 vates,
873 3045 900 3108 is
917 3042 1034 3108 doctus
1050 3059 1083 3108 et
1098 3059 1186 3126 arte,

425 3157 471 3220 Ut
487 3179 540 3219 me
556 3157 756 3245 supplicibus
773 3156 904 3248 adigant
921 3157 962 3223 ad
979 3180 1115 3223 munem
1134 3157 1257 3239 verbis,

427 3270 675 3357 Placantemque
688 3269 798 3354 deam,
813 3245 1063 3361 mons'numque
1075 3273 1216 3336 immane
1229 3273 1423 3338 trahentem.

427 3384 479 3448 Sic
494 3383 540 3446 illi
553 3397 687 3447 orantes
706 3383 787 3450 facta
802 3385 931 3450 cinxere
947 3407 1078 3450 corona.
1415 3406 1458 3456 9³⁶

426 3498 511 3562 lussi
525 3495 625 3586 igitur
640 3499 806 3586 geminos,
821 3502 938 3566 fortem
956 3523 1088 3590 quoque
1104 3503 1236 3584 lasona,
1251 3503 1379 3577 fratres,

427 3609 592 3676 Pollucem
607 3611 768 3700 pugilem,
792 3613 983 3703 praesignem
1001 3630 1034 3679 et
1048 3616 1179 3680 Castora
1193 3633 1393 3704 equestrem,

428 3723 634 3812 Mopsonque
647 3725 846 3814 Ampyciden
860 3727 931 3791 loca
944 3751 1077 3817 poscere
1090 3730 1184 3818 plena
1200 3730 1329 3794 laboris.

428 3840 473 3900 At
486 3858 537 3900 me
552 3853 622 3902 nnn
633 3838 674 3902 ab
688 3840 819 3926 reliquis
834 3842 940 3907 solum
952 3842 1066 3908 Medea
1079 3861 1217 3932 sequuta
1231 3862 1289 3911 est
1414 3869 1457 3916 ss·

471 3951 550 4014 Post
570 3951 628 4015 ubi
645 3954 839 4042 contigimus
853 3979 939 4040 aras,
961 3956 1132 4046 divamque
1150 3959 1359 4047 Therapnen,

428 4063 536 4128 Ellodi
552 4066 709 4156 triplicem
727 4071 833 4159 campi
850 4094 947 4162 snper
964 4096 1092 4161 aequora
1111 4073 1252 4138 fossam:

428 4179 581 4242 Areeuthi
596 4195 746 4262 truncos,
766 4183 944 4272 fragmenta
962 4209 1095 4274 quoque
1115 4186 1203 4252 arida
1218 4186 1324 4269 cedri,
