3102 5128
389 509 466 576 Ιιω
705 489 739 548 c,
764 483 962 550 vstsurr
992 481 1165 556 runem

444 621 550 706 Atque
567 617 684 680 iterum
704 617 793 680 durae
811 639 909 705 cogar
923 635 1032 679 eomes
1046 634 1115 676 esse
1129 612 1244 676 sorori.

443 733 485 796 Et
501 754 590 796 nunc
604 731 657 796 ille
673 753 730 795 sue
747 754 814 794 non
832 751 1029 818 quemquam
1047 743 1134 792 sorte
1150 727 1289 808 moveri,

443 846 639 912 Non'ullum
656 845 841 910 meminisse
859 860 971 934 putat3
984 864 1126 931 eumque
1139 841 1294 906 omnibus
1309 841 1377 904 odit

442 962 497 1026 Me
515 981 648 1050 quoque
663 983 671 1024 ε
689 960 715 1024 si
732 959 864 1048 quando
880 959 979 1024 luerit
991 975 1099 1022 tamen
1115 956 1180 1020 ulla
1195 971 1356 1044 potestas,
1427 975 1459 1012 20⁵

445 1077 538 1140 lllum
553 1097 627 1165 ego,
642 1075 699 1163 qui
715 1074 794 1139 diris
806 1075 887 1139 cinis
903 1076 1036 1138 ultimus
1053 1071 1181 1136 laeserit
1196 1071 1299 1152 ervis,
1494 1089 1501 1103 ·

443 1191 600 1278 Ossaque,
619 1189 692 1277 quis
706 1190 790 1252 tauri
806 1209 974 1276 saevusque
993 1185 1173 1275 pepercerit
1189 1185 1290 1274 ignis,

442 1307 664 1394 Componam,
689 1303 866 1392 sedemque
884 1301 969 1368 dabo
982 1325 991 1367 :
1005 1302 1052 1366 fas
1069 1317 1150 1366 tunc
1168 1299 1249 1364 mihi
1265 1321 1374 1363 manes

442 1419 596 1484 Dilexisse
612 1419 691 1499 viri,
713 1418 906 1506 tumuloque
923 1418 980 1481 has
1003 1415 1138 1480 reddere
1155 1437 1248 1480 curas
1260 1445 1281 1476 ν.

488 1533 639 1597 Dixerat:
654 1553 729 1596 eece
744 1547 816 1594 toro
830 1532 940 1594 Venus
957 1531 1129 1618 improvisa
1145 1527 1280 1610 resedit,

441 1649 531 1713 Siout
547 1662 614 1712 erat
631 1659 752 1710 mutata
770 1644 881 1726 deam,
898 1645 1099 1731 mentitaque
1117 1643 1210 1731 pictis

440 1763 592 1828 Vestibus
609 1778 642 1826 et
658 1761 780 1850 magica
794 1760 909 1824 Circen
927 1757 1075 1822 Titanida
1090 1759 1187 1846 virga.

439 1882 529 1968 Ipsa,
549 1879 637 1941 velut
652 1876 732 1940 lenti
748 1875 876 1940 fallatur
893 1875 1033 1966 imagine
1050 1875 1175 1956 somni,

441 1995 502 2064 Hic
519 1993 631 2059 oculos
649 1993 769 2055 incerta
786 2007 891 2071 tenet,
911 1990 1085 2078 magnique
1100 2011 1245 2056 sororem

442 2107 610 2174 Paullatim
628 2121 721 2193 putat
734 2127 803 2168 esse
819 2105 935 2192 patris;
956 2119 1025 2167 tum
1042 2101 1146 2168 llebile
1162 2103 1305 2192 gaudens

428 2336 481 2370 soa.
498 2323 566 2368 Diras.
578 2321 643 2368 Csrr.
657 2323 735 2367 Comes
746 2323 786 2366 ins.
800 2320 876 2366 Vatis.
891 2323 980 2366 Bonos.
993 2320 1063 2366 eodd.
1072 2331 1095 2366 el
1104 2319 1157 2366 add.
1169 2320 1296 2368 antsCsrr.
1315 2347 1338 2356 —
1349 2323 1401 2370 sod.
1414 2323 1461 2369 Ille

395 2405 440 2450 sui.
452 2405 540 2448 Bonos.
554 2401 608 2446 eod.
626 2403 740 2446 Bononl
757 2408 780 2446 et
797 2402 828 2446 ll.
846 2403 910 2446 lunt
929 2402 1015 2446 Maser-
1033 2400 1086 2448 All.
1100 2401 1201 2462 lingent.
1214 2411 1237 2447 et
1252 2400 1306 2448 edd.
1322 2412 1376 2448 ants
1393 2405 1461 2451 carr.

314 2497 316 2507 ¹
396 2485 468 2530 Forte.
479 2479 555 2526 Vatis.
572 2489 596 2524 et
611 2481 690 2526 surm.
706 2478 777 2526 codd.
792 2505 822 2516 -
834 2479 888 2526 ποθ.
906 2481 967 2526 Oris.
982 2479 1047 2526 Csrr.
1063 2477 1171 2526 sedsed
1185 2482 1231 2526 oris
1244 2497 1267 2526 r.
1285 2493 1338 2542 ²¹9·
1357 2508 1387 2516 -
1404 2491 1461 2538 ars.

397 2563 435 2608 stc
451 2558 536 2607 oculos.
547 2557 611 2606 Car-r.
629 2559 674 2606 En.

434 2746 491 2798 203.
505 2743 565 2797 lem
584 2761 674 2797 seeum
687 2744 743 2816 ipsa
756 2743 829 2815 loqui
841 2743 906 2797 inei·
949 2749 1063 2807 reddere,
1076 2765 1128 2798 una
1139 2745 1352 2812 conderemus.
1363 2743 1463 2798 Adhuc

395 2826 447 2898 pil:
458 2825 492 2876 Et
503 2842 574 2876 nune
584 2821 627 2876 ille
637 2823 770 2876 neminem
779 2841 826 2876 sua
835 2835 904 2876 sorte
948 2823 1053 2896 places,
1063 2825 1173 2878 Medea!

395 2903 515 2968 moveri,
537 2903 667 2956 neminem
693 2902 733 2956 sui
756 2903 905 2955 meminisse
986 2905 1105 2959 aroald.
1119 2907 1211 2958 Venus
1225 2907 1309 2976 ipsam
1323 2907 1465 2976 penetrale

396 2983 554 3054 opinabitur,
564 3001 666 3048 cumque
678 2984 788 3032 omnibus
802 2985 855 3032 odit
867 3001 905 3032 me
948 2988 1040 3050 intrat,
1052 2984 1141 3037 Circes
1151 2984 1238 3058 specie
1249 2996 1393 3056 assumpta,
1403 2985 1466 3038 Me-

398 3082 496 3130 qeoqse
514 3061 690 3122 immeritam,
714 3079 772 3131 que
786 3061 905 3130 (utinam
950 3060 1005 3116 deas
1017 3063 1129 3126 assidet,
1143 3062 1239 3116 dolosis
1249 3063 1332 3116 verbis
1344 3064 1466 3134 psoium

396 3141 501 3206 seiretl)
512 3150 647 3210 tantopere
655 3151 681 3192 et
690 3155 810 3202 moveor,
819 3151 905 3193 etme-
948 3141 1115 3213 relinquendi
1138 3142 1276 3196 consilium
1293 3141 1419 3214 adjurat,
1435 3156 1467 3197 et

397 3219 461 3274 mini
472 3230 592 3284 ‚eramo
949 3218 983 3272 ad
997 3240 1130 3274 summum
1144 3240 1261 3274 amorem
1271 3220 1395 3274 inoendit.

432 3299 490 3352 205.
506 3299 664 3352 succurrere
675 3295 756 3366 igitur
765 3295 838 3348 nullo
849 3315 904 3350 mo·
984 3318 1044 3352 srr.
1066 3307 1165 3352 Mutata
1185 3304 1271 3361 deors,
1290 3301 1468 3371 singulariter

394 3379 430 3432 do
442 3395 567 3450 possum,
582 3374 677 3428 faciam
687 3386 790 3438 temen,
800 3375 821 3428 si
831 3375 902 3438 licet,
947 3377 1048 3430 dictum
1064 3397 1112 3450 pro
1130 3379 1231 3441 forma,
1246 3383 1380 3451 majestate
1400 3377 1467 3436 deae

394 3456 467 3531 quod
488 3467 591 3528 potero.
610 3459 682 3506 Illum
702 3473 761 3522 ego,
783 3459 827 3522 qui
844 3459 904 3507 cinis
946 3458 1225 3525 mutatis‚mentisaqsoe
1235 3461 1465 3520 GimenTs'tanr‘da,

394 3534 569 3606 ultimus(pro
583 3538 687 3584 emerem
701 3537 824 3596 ultimum,
840 3537 883 3602 qui
892 3538 902 3603 )
946 3535 1061 3599 Titanis,
1081 3535 1147 3590 solis
1167 3537 1260 3602 liliam,
1282 3537 1362 3590 AEeln
1386 3539 1469 3608 regis

395 3621 454 3670 dini
475 3617 573 3666 laeserit
599 3615 677 3672 arvis,
708 3629 757 3684 pet·
780 3631 902 3684 eampum
947 3635 1072 3667 sororem.

394 3715 497 3774 sparsus
517 3693 567 3756 sit,
591 3711 708 3759 ossaque,
732 3695 817 3760 quibus
837 3697 904 3744 tauri
984 3695 1042 3747 aad.
1062 3694 1171 3758 Medea,
1186 3699 1256 3747 velut
1274 3699 1334 3746 lenti
1344 3698 1472 3765 fallatur

393 3797 515 3846 saumque
526 3776 587 3844 ignis
597 3775 606 3842 (
616 3771 684 3843 iguis
695 3776 851 3840 taurorum)
859 3792 903 3841 pe·
947 3777 1054 3842 imagine
1075 3779 1154 3826 somni
1158 3814 1166 3834 ,
1189 3775 1266 3847 qussi
1284 3794 1333 3847 per
1356 3775 1472 3830 iusum-

393 3861 510 3924 pmerie,
536 3873 694 3921 componam,
715 3869 766 3904 vox
789 3851 903 3904 solennis
947 3853 1020 3904 nium
1031 3853 1103 3905 inani
1112 3854 1197 3924 speeie
1206 3853 1364 3926 decipiatur,
1373 3859 1472 3908 oesslos

396 3933 429 3986 de
445 3932 567 4002 ossilegio
581 3942 606 3984 el
620 3933 706 3984 cinere
719 3931 748 3986 in
760 3950 825 3984 urna
841 3951 902 3984 con·
946 3936 1040 3984 incerta
1057 3948 1134 3993 tenet,
1152 3935 1207 4005 ipsa
1226 3934 1322 3996 nescit,
1342 3953 1377 3986 en
1399 3935 1470 3988 visu

394 4011 490 4064 dendo.
945 4010 1025 4082 digna
1039 4012 1107 4076 sint,
1125 4030 1182 4082 qus·
1202 4010 1290 4077 videt,
1305 4015 1467 4080 paullatim,

380 4111 382 4116 ·
432 4089 620 4150 ao8.Fas‚lroe
630 4087 901 4155 saltemlieebit,mnc
945 4091 1032 4160 primo
1054 4091 1175 4161 conjicit,
1195 4110 1254 4142 mox
1275 4105 1347 4158 putat
1373 4099 1474 4160 magns*

394 4173 453 4219 mili
464 4189 547 4220 nranes
555 4172 670 4220 dilexisse
679 4169 741 4226 viri,
753 4181 901 4235 mortuum,
941 4174 1021 4238 patris
1032 4189 1083 4222 esse
1091 4190 1206 4222 semrom.

394 4253 533 4315 tumuloque
550 4250 611 4306 las,
625 4264 691 4318 quas
711 4265 782 4299 nune
803 4250 901 4313 sentio,
981 4251 1040 4302 215.
1054 4255 1076 4301 T
1073 4269 1112 4300 um
1123 4253 1205 4316 flebile
1215 4253 1326 4318 gaudens
1337 4250 1472 4320 (elegans
