3102 5128
374 567 435 646 154
470 569 517 634 m
546 569 632 634 mo.
656 569 910 634 sarrruuu
940 537 1333 662 Ancoulortcou'

368 683 479 754 “Pergit
493 683 652 758 persuadere
671 683 794 758 exemplis
815 683 981 757 superiorum
1006 699 1156 755 temporum
1184 681 1283 750 allatis,
1302 701 1351 736 nec
1373 682 1431 737 sine

368 765 479 822 delectu
495 769 587 834 Quun
601 769 672 825 eaiin
686 781 743 822 tom
755 768 817 822 satie
832 768 876 840 pia
893 765 982 822 adbuc
998 767 1026 820 in
1039 779 1141 840 patrem
1157 766 1319 838 fratremque
1335 764 1431 818 Medea

369 863 436 903 erret
447 850 523 922 (vide
537 871 561 906 v.
580 852 659 923 340),
677 853 787 907 seminas
800 853 828 906 in
843 851 997 906 memoriam
1012 863 1135 915 revocat,
1150 867 1263 923 quarum
1276 867 1329 904 una
1341 850 1411 924 patri
1422 889 1430 916 ,

368 933 450 988 altera
463 935 541 990 fratri
554 937 647 990 mortis
655 955 741 990 causas
756 936 931 1002 exstitissent,
945 939 1136 1005 qupodomimr
1147 952 1241 1006 nempe
1251 945 1277 987 et
1289 935 1429 985 Ariadnen.

368 1015 418 1070 lile
431 1029 532 1090 patrem
542 1019 634 1074 babuit
644 1021 812 1074 OEuomaom
822 1057 830 1086 ,
841 1020 922 1074 Elidis
932 1038 1036 1092 regerat
1050 1017 1096 1094 qui
1105 1036 1188 1090 quum
1198 1015 1306 1070 oraculo
1314 1017 1432 1071 monitus

281 1133 284 1142 ·
368 1103 627 1174 mergeremur
638 1118 731 1158 carme
741 1105 842 1167 futuro,
855 1104 986 1176 ploribue,
995 1103 1042 1176 qui
1056 1103 1115 1155 fitia
1129 1101 1310 1174 pulcherrimae
1321 1101 1431 1174 nuptias

367 1184 513 1249 ambirent,
524 1187 610 1258 procis
624 1188 708 1260 legem
723 1201 897 1261 proposuerat
905 1189 993 1251 banc,
1006 1199 1048 1254 ut,
1059 1189 1079 1240 si
1091 1187 1176 1241 curuli
1187 1205 1276 1242 secum
1288 1185 1431 1240 certamine

368 1269 578 1337 contendissent,
595 1290 665 1327 mors
678 1274 775 1336 victos,
787 1273 898 1326 victores
909 1271 965 1329 iilia
981 1283 1109 1334 meamet.
1127 1271 1169 1326 stc
1187 1272 1267 1344 igitur
1283 1269 1430 1333 tredecim,

367 1361 407 1404 tot
420 1353 490 1406 enim
503 1368 643 1410 numerant
657 1356 802 1430 mythologi
811 1397 819 1422 ,
829 1357 960 1429 generosis
972 1355 1113 1431 juvenibus
1127 1355 1303 1428 interemptis,
1314 1353 1348 1408 ad
1357 1353 1429 1407 idern

368 1447 499 1490 certamen
516 1437 684 1493 subeundum
702 1441 810 1495 accessit
825 1441 1048 1512 Pelops„Tautali
1062 1440 1146 1504 iilius,
1159 1443 1235 1512 eujus
1249 1457 1338 1492 amore
1351 1451 1428 1509 capta

369 1519 542 1594 Hippodamia
556 1522 638 1596 patris
648 1525 767 1596 aurigam
778 1525 820 1579 vel
832 1524 927 1578 stabuli
937 1526 1089 1596 praeiectum
1102 1523 1268 1588 subornavit,
1281 1535 1310 1575 ut
1324 1521 1428 1574 clavum

369 1603 482 1674 aliquem
496 1618 553 1659 rota
571 1608 714 1672 eximeret,
731 1628 785 1681 quo
797 1610 895 1663 iactum
907 1649 915 1675 ,
929 1620 957 1660 ut
976 1627 1021 1662 rex
1040 1626 1119 1663 curru
1131 1627 1255 1663 excussus
1268 1603 1359 1679 paullo
1370 1617 1429 1676 post

368 1686 461 1740 obiret.
481 1689 528 1744 llis
543 1691 579 1744 ita
594 1692 729 1762 expositis,
741 1712 794 1745 non
809 1706 848 1747 est
863 1693 953 1766 quod,
964 1712 1032 1764 quos
1048 1705 1124 1764 poeta
1139 1705 1282 1757 memorat,
1296 1695 1369 1743 duros
1384 1697 1427 1740 Pe-

368 1777 429 1840 lopis
443 1777 552 1836 labores,
567 1791 603 1827 tot
612 1797 744 1844 procorum
758 1798 804 1830 ora
815 1781 946 1848 jugulata,
961 1783 1118 1848 patriosque,
1132 1797 1201 1850 quos
1217 1777 1270 1832 lilia
1287 1779 1426 1834 exhorruit,

367 1867 485 1908 aversata
497 1869 546 1919 est,
564 1877 638 1919 axes,
654 1859 764 1932 ulterius
781 1861 914 1933 explicem.
926 1863 1052 1916 Ariadnes
1066 1875 1171 1924 autem,
1192 1865 1291 1914 Minoioe
1310 1863 1427 1928 viginis,

368 1938 476 1992 historia
491 1942 531 1993 vel
544 1942 673 1996 tironibus
686 1956 748 1996 nota
756 1958 808 2008 est,
819 1963 891 2016 qute,
904 1963 1066 2018 quamquam
1084 1964 1153 2008 non,
1167 1943 1239 2017 quod
1252 1945 1373 1998 iasonem
1387 1940 1428 1994 di·

368 2041 427 2078 cere
446 2025 521 2098 jubet
535 2026 673 2090 Valerius,
692 2031 745 2096 psa
753 2029 863 2097 fratrem
880 2029 1058 2082 Minotaurum
1078 2033 1132 2080 neci
1152 2031 1230 2088 dedit,
1243 2045 1321 2080 causa
1340 2037 1428 2078 tamen

367 2107 458 2160 mortis
469 2107 537 2160 iacta
549 2122 588 2162 est
599 2129 630 2162 eo
638 2149 646 2174 ,
655 2109 727 2184 quod
736 2111 840 2164 Theseo
853 2110 929 2165 iilum
943 2111 1072 2178 traderet,
1085 2131 1140 2186 quo
1154 2109 1222 2164 duce
1234 2107 1430 2183 labyrinthum

369 2189 441 2246 adire
451 2205 650 2266 monstrumque
659 2193 726 2245 illud
739 2195 851 2248 biforme
862 2195 993 2249 trucidare
1003 2207 1099 2268 posset.
1110 2221 1122 2241 ι
1136 2227 1170 2236 -
1179 2193 1221 2248 stc
1230 2193 1392 2264 Wagnerus.

401 2385 431 2434 V.
444 2381 503 2438 280.
515 2385 562 2443 Gur
571 2403 621 2436 ttort
632 2387 763 2454 hospitibus
765 2386 813 2454 scs
824 2389 857 2438 sit
864 2405 1002 2439 succurrere
1014 2387 1094 2453 dignis

519 2472 551 2520 Te
564 2485 671 2536 quoque,
684 2483 709 2520 et
718 2473 801 2522 AEoeos
806 2472 896 2537 jubeas
909 2471 1030 2522 mitescere
1038 2488 1137 2536 carepos
1145 2478 1157 2517 Ρ

518 2553 621 2604 Occidet
632 2567 725 2606 ctemc
742 2555 841 2604 tandem
854 2554 970 2607 Cadmeia
984 2567 1060 2606 morte

516 2640 573 2684 lam
584 2652 665 2702 seges,
675 2649 699 2685 et
711 2637 764 2686 uiso
770 2637 897 2702 fumantes
908 2637 1001 2702 bospite
1014 2637 1087 2686 tauri.
1113 2685 1116 2694 ,

366 2785 409 2839 Sic
430 2785 514 2858 pergit
527 2786 695 2860 Wagnerus:
715 2813 727 2836 ι
738 2789 875 2860 Wakefield
887 2785 922 2842 ad
938 2786 1046 2841 Lucret.
1061 2787 1114 2850 111,
1133 2792 1209 2849 1006,
1232 2784 1369 2844 emendet:
1397 2791 1430 2836 Te

364 2889 462 2937 quoque
470 2875 586 2923 etAEeeas
595 2876 667 2924 euicit
675 2876 686 2940 (
694 2890 755 2925 nam
769 2871 857 2944 scripti
870 2869 935 2926 dant
952 2874 1038 2922 subeas
1050 2888 1100 2943 pro
1108 2871 1215 2939 jubeas)
1228 2873 1348 2921 mitescere
1364 2889 1429 2920 cam·

364 2973 425 3021 pos,
435 2953 476 3006 vel
491 2954 593 3024 potius:
613 2961 643 3005 Tc
654 2965 773 3023 quoque?
791 2961 848 3006 En!
861 2958 943 3006 AEoeos
952 2958 1042 3025 jubeas
1059 2957 1179 3007 mitescere
1194 2972 1312 3021 campos:
1326 2955 1430 3006 Occidet

368 3051 461 3088 eterna
478 3039 580 3094 tandem
598 3041 716 3092 admota
736 3054 806 3092 noete
825 3043 895 3108 (non
911 3053 1002 3098 morte,
1018 3055 1080 3093 uam
1097 3036 1153 3093 bec
1175 3055 1223 3090 vox
1241 3038 1329 3093 statim
1347 3035 1430 3101 redit,

286 3117 289 3122 ’
368 3138 393 3171 ν.
410 3121 475 3186 285,
490 3132 515 3172 et
536 3139 608 3174 mors
623 3120 707 3191 poetis
726 3120 822 3176 dicitur
839 3126 912 3192 nox)
924 3129 981 3174 lam
999 3141 1080 3190 teget,
1093 3131 1142 3174 etc.
1157 3121 1220 3174 linc
1239 3119 1317 3192 igitur
1330 3123 1428 3188 Wates.

366 3204 493 3278 pleraque
507 3219 584 3258 acute
596 3231 617 3257 ι.
628 3209 806 3258 -Mt'tescere.
825 3206 869 3258 Sic
889 3223 981 3276 supra,
993 3206 1030 3267 V,
1053 3205 1123 3274 519:
1145 3207 1266 3258 Caucasus
1288 3217 1362 3272 atque
1381 3207 1429 3254 tuis

366 3304 482 3355 quantum
496 3289 616 3342 mitescat
627 3293 857 3340 labeum-Morte.
867 3289 996 3354 Quamvis
1008 3289 1063 3342 brec
1077 3309 1131 3343 vox
1144 3289 1229 3342 statim
1242 3286 1311 3340 inira
1321 3285 1430 3349 redeat,

367 3391 420 3425 non
433 3372 560 3426 continuo
571 3371 710 3438 mutanda,
723 3371 767 3424 sed
783 3371 868 3442 potius
878 3373 940 3436 illa,
953 3386 982 3424 ot
993 3373 1080 3426 multe
1093 3373 1168 3436 alie,
1181 3371 1281 3424 auctori
1292 3370 1428 3424 tribuenda

366 3455 499 3528 repetitio,
513 3475 556 3509 eas
564 3456 669 3520 lorsan,
679 3456 702 3507 si
712 3473 759 3528 per
768 3455 849 3508 {auam
861 3455 991 3519 iecisset,
1003 3456 1147 3510 sublatus-o.
1156 3456 1280 3508 Proterea
1292 3470 1363 3506 nocte
1374 3473 1430 3508 non

366 3541 453 3612 placet
469 3557 530 3594 cum
548 3543 678 3599 occulere:
697 3555 791 3594 noctem
812 3557 861 3611 pro
875 3555 954 3592 morte
969 3538 1088 3592 adbiberi
1104 3557 1157 3591 non
1172 3539 1272 3598 nueio,
1289 3537 1335 3591 sed
1352 3536 1379 3589 io
1397 3538 1431 3590 iis

367 3626 522 3697 plerumque
546 3625 734 3691 locutionibus,
747 3642 805 3698 qum
823 3624 889 3676 lucis
908 3623 1048 3678 orbitatem
1062 3623 1103 3675 vel
1121 3619 1240 3675 infernas
1254 3621 1375 3674 tenebras
1389 3621 1430 3672 in-

367 3719 467 3770 uuunt,
480 3718 510 3759 ut
526 3709 673 3760 clauduntur
686 3712 778 3760 lumino
795 3724 876 3770 noete,
890 3719 940 3761 etc.
959 3707 1053 3780 Operae
1065 3708 1179 3781 pretium
1196 3717 1235 3762 est
1250 3705 1429 3776 conjecturam

368 3791 482 3854 lleinsii,
494 3790 616 3862 quamvis
628 3791 765 3855 inutilem,
779 3792 941 3863 ingeniosam
956 3804 1059 3856 tamen,
1073 3793 1185 3844 referre:
1202 3788 1312 3844 sicilie:
1329 3790 1431 3840 Occidet

369 3874 470 3928 alterno
481 3877 579 3926 taudem
590 3877 706 3928 werria
716 3885 799 3928 marte
808 3881 864 3926 lom
874 3895 948 3944 seges.

404 4063 435 4114 V.
447 4064 507 4116 301.
518 4069 596 4114 Soeem
608 4066 728 4114 Echionia
739 4083 782 4112 ceo
793 4067 900 4114 Penthea
912 4053 1056 4114 Bocchorim
1071 4066 1129 4111 arelo

522 4151 627 4206 Deserit,
642 4149 736 4213 insectis
746 4166 792 4213 per
805 4151 901 4197 roscido
914 4167 1007 4197 cornua
1020 4150 1102 4203 vittis,

526 4235 604 4294 Quum
616 4246 680 4282 terret
690 4235 730 4281 ille
740 4234 823 4289 dertm,
833 4235 1025 4298 pudibundoque
1036 4235 1142 4298 tegmina
1154 4244 1253 4282 matres,

528 4318 709 4380 Tympanaqtte,
721 4329 743 4363 et
754 4318 847 4363 mollem
859 4317 935 4364 subito
947 4318 1017 4363 miser
1026 4317 1115 4378 accipit
1124 4315 1227 4362 lostam.
