3124 5132
393 597 434 677 74
513 591 562 656 IN
593 595 677 660 ΜΒ.
701 597 899 663 SEXTUM
929 600 1323 669 suGoNAUTmoN

390 719 509 777 prompto
527 707 545 759 α’
557 707 691 764 Cerrionis
704 709 808 772 codice,
827 713 923 766 nullius
943 725 983 766 est
998 714 1133 768 momenti.
1149 715 1254 770 Priscus
1265 718 1350 773 Vstic.
1365 720 1450 775 codex

390 788 494 843 videtur
507 790 604 846 habere
617 797 726 864 Mycael,
739 796 785 864 qui
803 807 906 866 possent
924 815 980 849 esse
1001 797 1091 866 Mysi,
1107 817 1171 868 gens
1192 799 1259 854 Asin
1275 801 1349 870 (vid.
1369 803 1451 856 Hero·

393 871 447 926 dot.
458 874 516 942 111,
529 877 563 944 93
575 877 702 942 ),Persie
711 877 807 931 vicina.

427 1023 462 1075 V.
474 1024 536 1076 sio.
554 1029 703 1093 Cessoeoeque
716 1045 813 1080 manns.
827 1059 861 1068 -
876 1034 938 1082 Cissi
950 1032 992 1084 vel
1004 1033 1102 1092 Gissoei,
1119 1031 1234 1086 Susiane
1249 1033 1372 1104 populus.
1385 1036 1451 1090 Sunt

390 1123 497 1177 quoque
511 1119 612 1162 montes
625 1109 652 1161 in
662 1110 776 1165 Asiatica
785 1112 930 1179 sumatis,
946 1117 1008 1166 ctus
1015 1115 1114 1178 voceti3
1127 1115 1178 1169 vid.
1190 1115 1322 1183 PlinVI,
1337 1137 1361 1188 7.

426 1255 460 1307 V.
472 1257 531 1308 131.
543 1262 635 1325 Ignosis
646 1263 730 1310 insons
737 1299 745 1321 ,
756 1263 899 1330 Arimaspe,
910 1265 1021 1314 metallis.
1036 1293 1071 1304 -·
1080 1263 1209 1336 Arimaspi
1222 1265 1289 1318 ulus
1302 1265 1411 1338 Scythas
1425 1278 1453 1320 et

393 1337 538 1392 Essedonas
547 1339 700 1395 habitabant
710 1360 718 1405 ;
729 1341 781 1396 vid.
792 1343 920 1398 Herodes.
931 1345 982 1410 1v‚
997 1345 1036 1400 13.

429 1474 464 1528 V.
480 1474 537 1538 134.
548 1481 604 1528 Non
614 1497 660 1546 ego
671 1481 813 1547 sanguineis
820 1495 956 1549 gestantem
967 1496 1084 1550 mona
1093 1484 1160 1532 bellis

553 1563 724 1629 Thyrsageten.

394 1667 553 1748 TtJrsageeoe
574 1680 646 1752 apud
670 1679 834 1734 Herodotum
856 1683 972 1754 aliosque
994 1694 1114 1737 auctores
1136 1696 1262 1738 vocentur
1288 1688 1455 1754 nyssagesae.

392 1761 513 1815 Valerius
538 1760 590 1815 hoc
617 1781 713 1816 nomen
735 1765 843 1836 paulum
864 1766 1121 1832 immutavimus
1142 1786 1200 1839 qne
1216 1769 1296 1822 refert
1308 1767 1342 1822 de
1359 1787 1454 1822 eornm

392 1857 468 1911 ortn,
479 1863 511 1898 nc
524 1843 559 1899 de
572 1845 670 1900 lanceis
681 1847 832 1919 thymosum
847 1849 994 1915 similibus,
1009 1867 1070 1904 cum
1084 1851 1192 1904 nomine
1203 1864 1384 1922 congruerent.

428 1999 463 2051 V.
478 2007 537 2064 ris.
549 2005 582 2056 Es
596 2007 655 2053 Eooe
668 2007 826 2055 memoratrix
836 2007 894 2056 tibia
905 2025 1008 2074 pugna.
1023 2037 1057 2046 -
1070 2007 1207 2060 Cretenses
1221 2025 1252 2060 nc
1264 2005 1457 2060 lacedemonii

393 2082 511 2136 similiter
520 2083 553 2137 sd
564 2103 696 2156 pugnem,
707 2099 817 2140 canente
827 2087 888 2141 tibin
897 2129 905 2154 ‚
915 2087 1095 2161 procedebant
1106 2110 1114 2156 ς
1128 2086 1181 2142 vid.
1193 2089 1283 2160 Polyb.
1296 2090 1346 2154 IV,
1358 2107 1399 2141 so.

429 2235 462 2288 V.
479 2239 537 2300 143.
553 2242 640 2308 Iungis
652 2259 708 2308 opes
722 2245 832 2292 Eumeda
845 2261 914 2294 suas.
924 2273 958 2282 -
967 2240 1121 2313 legendum
1138 2240 1240 2294 videtur
1253 2244 1365 2301 Emoda,
1377 2257 1461 2295 mons

393 2319 478 2383 Asin,
492 2321 572 2374 Sacas
587 2323 622 2376 nb
635 2321 711 2376 Indis
725 2323 919 2379 disterminms.

430 2477 465 2529 V.
478 2477 536 2530 150.
544 2483 644 2547 Impulit
655 2493 680 2531 et
695 2483 779 2532 dubios
795 2483 901 2546 Plemei
916 2483 1014 2534 velleris
1030 2485 1106 2532 ordor

547 2565 680 2624 Centoras,
696 2579 720 2615 es
733 2567 799 2616 diros
814 2565 910 2632 magico
927 2579 1018 2616 terrore
1030 2567 1155 2616 Cloatrm,

396 2701 508 2751 Gentem
520 2711 581 2753 sunt
594 2700 691 2772 ignoti;
705 2704 815 2754 Cinam
827 2713 887 2752 sunt
900 2699 1032 2754 Sarnutiss
1043 2698 1151 2772 populi,
1162 2697 1195 2752 nd
1208 2699 1319 2752 Tanaim
1336 2697 1467 2750 habitan-

396 2797 433 2836 tes
443 2802 450 2846 ;
462 2783 516 2836 sid.
530 2782 597 2837 Plin.
610 2783 665 2849 VI,
677 2802 700 2854 7.

432 2920 465 2970 V.
478 2922 529 2988 174
531 2956 799 2973 ................
804 2939 879 2988 quam
890 2941 936 2972 nec
947 2925 996 2972 dea
1006 2925 1085 2972 lassas
1093 2922 1220 2978 labendo,

536 3007 589 3053 Nec
595 3017 668 3070 pater
677 3006 812 3054 lonensem
821 3007 939 3063 scissilis,
952 3007 1071 3071 uniusque
1079 3006 1228 3056 mnsam

538 3089 676 3152 Gorgoneo.

397 3223 485 3266 Lassae
505 3219 626 3268 labendo.
646 3217 745 3271 Confer
755 3218 849 3290 virgil.
864 3223 927 3273 AEn.
946 3219 1015 3284 XII,
1028 3217 1078 3271 88:
1100 3220 1175 3269 Simul
1191 3233 1261 3285 aptos
1276 3219 1388 3268 latendo
1407 3221 1478 3267 Ess-

395 3319 494 3367 semque
504 3304 670 3370 cirpeumqsse.
683 3333 717 3342 —
727 3307 779 3354 Nec
784 3317 865 3371 pater.
876 3301 947 3368 Quid
957 3313 1030 3374 pater
1043 3300 1086 3354 hic
1097 3299 1145 3352 sibi
1159 3301 1221 3353 velit
1230 3319 1283 3352 non
1291 3298 1353 3352 satis
1363 3298 1479 3369 liquet.

396 3385 483 3437 Potuit
496 3397 582 3438 temen
595 3398 689 3438 suctos
701 3386 752 3440 hnc
765 3405 830 3441 soce
846 3387 938 3439 iovem
952 3384 1107 3456 designare,
1117 3385 1192 3454 cnjus
1208 3383 1315 3456 prnpria
1329 3396 1368 3435 est
1377 3385 1482 3452 egis,

396 3465 494 3536 quippe
514 3465 560 3536 qui
583 3468 689 3538 αἰγίοχος
710 3478 819 3518 vocetur
837 3465 960 3518 Homero.
978 3465 1080 3536 Jupiter
1098 3481 1192 3534 nempe
1214 3482 1245 3516 sc
1265 3463 1383 3514 Minerva
1409 3481 1483 3516 non

397 3567 498 3618 semper
519 3560 629 3602 utuntur
646 3549 745 3620 segidc,
759 3553 901 3617 psimasque
919 3553 1002 3600 sinunt
1019 3567 1163 3600 concurrere
1174 3565 1282 3615 pugnas.
1296 3545 1358 3596 Mox
1376 3563 1458 3599 enus
1475 3586 1485 3610 ‚

395 3629 513 3685 fervente
526 3651 632 3704 pugne,
646 3644 672 3687 et
684 3645 809 3706 poscente
820 3632 949 3704 periculo,
962 3631 1128 3704 depromunt.

433 3787 467 3837 V.
483 3791 540 3858 176.
550 3792 602 3839 Nec
612 3791 744 3840 semineces
757 3789 883 3838 ostendere
896 3789 974 3836 crines
984 3790 1083 3852 Tempus
1094 3785 1365 3836 adsim-Semineces
1377 3785 1491 3836 crines

397 3867 515 3921 indicant
527 3869 616 3922 vinies
629 3869 751 3942 reliquias
768 3887 902 3940 superesse
915 3868 1045 3940 anguibus
1056 3866 1179 3920 Medusa·
1187 3876 1267 3936 caput
1281 3863 1493 3935 cingentibus.

396 3951 438 4006 sic
457 3952 583 4023 Virgilius
605 3951 681 4022 fingit
701 3952 824 4022 Gorgona
849 3952 954 4006 desecto
977 3965 1109 4004 verrentem
1129 3951 1225 4003 lumina
1253 3947 1331 4001 collo.
1348 3947 1393 4001 Sic
1425 3951 1496 4006 Sil.

399 4036 459 4089 Ital.
474 4035 528 4102 lx,
540 4037 605 4101 463:

537 4157 636 4200 Erexere
647 4167 727 4198 omncs
737 4153 846 4198 immunis
856 4153 958 4198 membra
970 4151 1089 4210 chelydri,

538 4229 625 4290 AEgide
635 4237 757 4274 commota.

399 4355 439 4407 ld.
454 4355 518 4406 Vlil
530 4396 537 4420 ,
554 4355 603 4425 519
615 4373 622 4406 ε
634 4371 657 4405 ee
665 4358 736 4405 erecti
745 4359 858 4406 sederunt
864 4357 967 4421 pectoris
983 4372 1086 4418 angeles.
