3102 5128
382 529 442 596 150
487 529 540 594 IN
572 529 664 595 ΜΒ.
687 527 954 594 SEPTIMUM
986 530 1398 596 ARGONAUTICON

376 653 480 698 sumtu
495 661 589 715 supes,
605 643 656 706 lV,
674 641 722 696 3⁵1
738 661 795 715 οφ,
812 643 891 715 planu
902 645 990 696 omniu
1003 655 1081 698 eruut
1096 657 1122 698 et
1135 657 1233 718 apertu.
1245 671 1256 690 ι
1269 645 1311 699 sic
1321 646 1446 718 Wagne-

375 745 430 780 rus.
442 758 478 768 -
487 726 592 780 Leviter
606 725 736 781 claudicat
753 726 797 780 illu
815 727 993 800 comparatio,
1014 729 1035 780 si
1053 727 1162 801 quidem
1178 729 1261 782 alters
1275 734 1351 782 sotter
1365 731 1445 794 litus,

376 810 459 864 alteru
472 814 546 862 vellet
556 811 637 864 limen
653 809 806 882 truusgredi.

410 915 445 970 V.
461 915 518 970 ub.
533 921 632 987 Oraque
648 937 758 988 quoeress
776 920 1060 987 limpide—Querens
1081 921 1125 974 hic
1143 923 1264 976 eumdem
1286 923 1341 976 uim
1361 925 1443 978 habet

375 1018 456 1074 quum
469 1019 549 1073 sttprs
560 1039 568 1066 ,
581 1003 631 1070 vl,
643 1003 710 1056 682:
723 1021 768 1054 rues
778 1007 888 1054 oblatam
898 1007 1008 1072 sequitur
1018 1009 1133 1072 qucerisue
1146 1025 1263 1058 sororem.

409 1121 445 1172 V.
462 1125 522 1176 116.
529 1159 695 1175 ..........
700 1136 746 1174 aut
755 1126 807 1174 solo
819 1136 902 1174 rsoeret
914 1125 1009 1192 ἅψεται
1019 1127 1104 1187 cubili,

352 1202 357 1208 ⁶
516 1213 569 1258 Aut
577 1209 679 1260 mitio
691 1225 758 1258 euroe
761 1209 884 1292 presulum
893 1209 1029 1284 refugitque
1037 1211 1137 1260 sororis.

376 1341 408 1392 Τὸ
422 1337 474 1386 solo
483 1333 558 1386 cubili
565 1333 664 1387 indicat
674 1333 794 1388 Medeam
807 1335 921 1390 insumo
933 1335 1078 1390 thalamum
1091 1353 1118 1386 se
1127 1333 1255 1406 recepisse
1265 1354 1272 1399 ;
1283 1353 1365 1406 quum
1376 1353 1441 1386 vero

374 1419 469 1474 deinde
479 1421 505 1472 in
516 1419 645 1492 gremium
658 1421 756 1473 sororis
767 1422 915 1494 confugiat,
928 1439 1055 1492 moxque,
1066 1417 1142 1471 solit‘o
1156 1417 1288 1482 blandior,
1300 1429 1440 1490 utrumque

376 1515 517 1576 petentem
531 1503 626 1556 osculis
646 1517 831 1576 prosequatur,
847 1507 924 1558 tacite
943 1503 1029 1557 innuit
1052 1504 1174 1555 Valesius
1195 1501 1316 1555 Medeam
1337 1519 1368 1554 ex
1391 1520 1440 1553 suo

376 1585 488 1642 subinde
500 1587 527 1639 in
538 1587 633 1644 sororis
647 1606 678 1640 ec
691 1588 777 1660 putris
790 1587 943 1643 cubiculum
958 1589 996 1642 ire
1010 1605 1041 1641 :tc
1055 1585 1149 1640 redire.

411 1715 445 1768 V.
458 1717 507 1770 118
510 1754 795 1771 .................
801 1737 929 1786 rursusque
942 1721 1053 1770 recedem

517 1804 609 1868 Quorit
620 1839 628 1862 ,
640 1809 666 1852 tit
677 1804 753 1852 AEoet's
762 1803 846 1870 hospes
858 1806 992 1854 consederit
1005 1805 1054 1854 oris

516 1885 640 1949 Phycus,
653 1897 680 1934 ut
689 1886 777 1952 aligeri
787 1887 871 1938 utrem
884 1903 989 1954 rapuere
998 1887 1127 1938 dracones.

376 2006 511 2068 Rursusque
527 2004 647 2052 recedens.
667 2001 823 2070 Mendosum
842 2001 894 2054 hoc
907 2003 992 2056 visum
1008 2013 1047 2056 est
1064 2002 1188 2069 Heinsio,
1205 2014 1274 2056 cette
1295 2003 1437 2056 obscurum

375 2097 429 2148 est;
443 2095 586 2157 utcumque
598 2096 685 2138 tumen
698 2082 896 2157 explicandum.
905 2085 1007 2151 Medes,
1016 2105 1099 2156 quum
1109 2085 1137 2138 in
1148 2105 1181 2140 eo
1193 2096 1268 2150 esset,
1280 2097 1308 2138 ut
1319 2103 1436 2138 umorem

375 2167 460 2222 sorori
470 2186 548 2221 suum
563 2169 688 2240 aperiret,
700 2186 755 2241 pres
765 2167 923 2222 verecundia
933 2187 987 2221 non
1000 2169 1069 2222 valet
1083 2170 1155 2242 loqui
1165 2189 1173 2236 ς
1186 2189 1315 2238 rursusque
1326 2173 1437 2220 recedens

375 2271 391 2304 a
412 2270 515 2316 sorore,
538 2251 590 2306 ulio
613 2250 719 2312 transit,
737 2271 846 2320 quoereus
859 2249 888 2304 in
903 2251 1008 2316 urimo,
1024 2251 1091 2304 intru
1111 2269 1139 2302 se
1158 2250 1291 2322 cogitans,
1303 2247 1439 2320 quomodo

374 2339 487 2403 Pbrysru
494 2335 595 2388 venerit
606 2336 633 2388 in
645 2334 769 2389 Colchida
779 2375 787 2400 ,
798 2347 848 2388 etc.
863 2335 949 2400 Quem
960 2352 1081 2401 sensum,
1091 2334 1113 2388 si
1124 2333 1167 2387 cui
1177 2334 1264 2386 minue
1274 2332 1374 2404 placet,
1383 2351 1438 2384 uon

375 2429 459 2472 tueor.
473 2417 597 2471 Libenter
610 2417 638 2470 in
652 2416 753 2491 Phryxi
769 2437 800 2470 sc
819 2403 908 2473 Circes
920 2419 1047 2470 memoria
1060 2429 1177 2470 uersatur
1196 2415 1305 2481 Medeu,
1323 2433 1438 2488 quorum

375 2501 498 2576 exemplu
514 2501 655 2556 domesticu
668 2501 745 2556 tscite
754 2501 875 2556 videntur
885 2501 1005 2568 suadere,
1014 2513 1042 2554 nt
1054 2501 1166 2574 putrium
1181 2512 1206 2554 et
1218 2501 1276 2571 ipsu
1288 2499 1439 2572 relinquere

374 2603 428 2638 non
438 2585 601 2640 reformidet.

409 2695 422 2715 ·
433 2670 527 2736 Circe,
541 2671 626 2744 inquit
637 2671 808 2744 ngnerus,
822 2689 836 2722 s
850 2669 910 2723 Sole
926 2685 1002 2741 putre
1017 2669 1044 2721 in
1058 2668 1237 2740 Tyrrheniam
1255 2667 1380 2722 translate
1399 2667 1438 2720 ibi

374 2754 464 2826 nupsit
482 2753 545 2808 Pico
557 2755 613 2827 regi
622 2773 631 2820 ς
641 2755 696 2810 vid.
713 2755 784 2810 infru
801 2754 849 2808 ²32
861 2791 869 2816 ,
882 2765 907 2808 et
922 2753 1044 2825 Apollon.
1059 2752 1112 2818 111,
1126 2753 1187 2822 309,
1206 2753 1274 2806 313:
1289 2750 1334 2824 qui
1350 2763 1437 2807 umen

373 2857 427 2893 nou
441 2837 618 2906 draconibus,
632 2841 672 2892 uti
683 2840 803 2910 Yulerius
815 2847 914 2900 noster,
927 2837 974 2892 sed
987 2856 1066 2891 curru
1083 2837 1165 2910 ipsius
1179 2836 1247 2890 Solis
1264 2855 1322 2888 eum
1342 2835 1439 2888 abiisse

373 2933 472 2976 nanus.
486 2922 641 2996 Apollonius
661 2936 787 2996 sequutus
799 2935 839 2978 est
853 2921 1009 2984 Hesiodum,
1022 2921 1145 2976 Valerius
1161 2921 1243 2986 alios,
1259 2920 1293 2974 do
1307 2939 1362 2992 (μω
1379 2933 1437 2972 seu·

373 3005 512 3058 sentiarum
526 3004 640 3060 divortio
653 3005 713 3060 side
725 3013 783 3060 Voss
798 3009 898 3072 uyuot
913 3007 1007 3073 Briesc,
1016 3006 1056 3070 11,
1069 3023 1127 3076 ¹²7·
1138 3037 1171 3046 -
1185 3006 1222 3058 Cl.
1237 3005 1350 3058 leucius
1360 3016 1439 3056 scute

374 3099 481 3152 monet,
494 3087 617 3160 Medeam
631 3089 681 3144 hoc
695 3108 725 3143 es
744 3108 834 3146 sorore
851 3088 1019 3162 quesivisse,
1035 3089 1161 3161 proeium
1177 3093 1231 3162 jusu
1252 3102 1309 3142 tum
1328 3107 1439 3160 peregre

374 3169 491 3224 abeundi
505 3173 644 3225 consilium
657 3172 745 3227 Circes
750 3174 873 3245 ,exemplo
884 3172 973 3226 animo
982 3177 1038 3246 ejus
1048 3172 1180 3226 insederit.
1190 3197 1201 3220 a

407 3327 441 3377 V.
456 3343 503 3378 tus
507 3361 616 3379 .......
627 3347 634 3360 ·
645 3363 740 3380 ......
745 3330 871 3395 subitoque
878 3331 1021 3395 pareatibus
1034 3329 1110 3378 ime

532 3411 659 3470 Blandior,
667 3425 691 3460 et
695 3414 788 3478 petrice
797 3413 935 3480 circumfert
944 3413 1028 3462 oscula
1038 3411 1141 3462 derum

375 3533 531 3600 Circiumfin,
544 3529 616 3602 quod
635 3530 745 3586 mii-ilice
763 3533 1013 3605 pluoetWegneso,
1023 3550 1057 3584 sn
1077 3533 1138 3589 sutis
1155 3533 1193 3585 illi
1206 3533 1367 3587 intellecuuns
1382 3535 1436 3601 sit,

372 3610 471 3664 neseio.
485 3615 525 3665 De
537 3623 649 3683 utroque
660 3625 769 3685 petente
780 3615 958 3682 (pareatibus)
972 3631 1026 3666 non
1039 3617 1073 3672 de
1085 3635 1140 3670 uno
1151 3615 1253 3687 egitur,
1264 3633 1294 3666 sc
1307 3617 1334 3668 cl
1342 3617 1437 3682 paene

372 3695 513 3763 circumfers
526 3697 609 3746 oscula
619 3698 714 3762 decere
724 3696 856 3767 significat
871 3697 993 3752 Medeam
1011 3719 1083 3755 nunc
1097 3702 1187 3773 putris,
1201 3715 1272 3752 nuuc
1287 3699 1377 3752 enutris
1391 3701 1436 3766 (es

372 3777 410 3830 vis
424 3788 462 3832 est
474 3777 547 3831 verbi
560 3782 716 3849 circumfers)
729 3781 846 3834 dextrum
860 3783 1011 3837 exosculari.

405 3910 438 3962 V.
458 3913 515 3972 ssd.
528 3913 568 3961 Sic
579 3927 678 3962 assueta
689 3915 747 3963 toris
759 3927 783 3963 et
792 3933 881 3966 merua
892 3917 969 3966 dulcis
982 3919 1066 3977 herili,

528 3997 605 4064 Aigra
620 4013 682 4046 noua
690 3998 747 4063 jem
755 4011 826 4062 peste
837 4000 906 4048 cartis
918 4001 1034 4068 rabieque
1034 4003 1138 4067 sutum,

530 4083 594 4128 Arate
600 4081 692 4146 sugam
706 4093 768 4130 totos
784 4083 871 4132 lustror
881 4085 1032 4150 queribunda
1038 4098 1149 4150 penora.

370 4185 634 4258 NescitWaguerus,
644 4209 691 4244 cur
705 4190 762 4245 lenc
778 4192 827 4245 sibi
838 4193 976 4268 displicent
988 4196 1169 4268 comparatio:
1185 4214 1234 4250 cur
1244 4209 1269 4248 et
1286 4195 1324 4248 illi
1338 4207 1363 4248 et
1377 4195 1436 4248 aliis

368 4267 456 4324 forsan
476 4274 625 4340 nonnullis,
644 4273 672 4328 id
689 4293 773 4328 causus
790 4293 845 4329 esse
862 4277 961 4342 credo,
978 4279 1067 4348 quod,
1085 4279 1207 4350 quumvis
1224 4279 1256 4332 de
1276 4299 1342 4332 cene
1360 4276 1435 4331 rabie
