3192 5138
359 590 789 677 naconnnrrcon,
821 596 908 660 mn.
932 592 994 660 1x.
1146 593 1227 660 :031

205 723 332 789 lncidat
349 723 383 787 in
399 723 513 790 Circen
532 723 636 790 donec
650 727 796 816 Pagasaea
816 728 923 792 carina
934 725 957 805 ,’

206 839 375 904 Barbariea
393 841 510 905 Circen
531 841 627 906 Persa
640 859 738 931 atque
753 843 941 932 Hyperione
963 858 1082 906 natam.

247 955 300 1020 Sic
314 955 389 1020 visas
404 955 525 1045 Minyis
543 955 660 1020 tabulae
675 979 827 1022 resonare
845 958 1008 1046 loquaces.

203 1055 397 1160 Tymlaridre
412 1086 560 1135 actutum
579 1087 735 1162 surgunt,
752 1089 785 1138 et
800 1072 947 1162 supplice
962 1071 1074 1136 dextra
1193 1099 1230 1126 no

203 1185 402 1274 Concipiunt
413 1187 466 1276 pia
479 1187 577 1252 verba
593 1186 678 1270 deis,
695 1187 748 1278 pia
762 1205 835 1252 tura
849 1189 1054 1270 ministraut3

203 1305 262 1368 Ast
278 1303 332 1366 alii
345 1302 460 1368 heroes
475 1303 613 1393 suspiria
630 1319 761 1394 pectore
775 1302 912 1370 ducunt.

246 1415 389 1483 Ulterius
402 1440 540 1508 propere
558 1419 636 1483 velis
658 1417 864 1508 protruditur
881 1421 988 1507 Argo,

204 1534 317 1597 Donec
332 1533 367 1596 in
381 1531 514 1598 Eridani
530 1531 663 1598 tandem
683 1548 863 1599 transvecta
879 1531 1001 1598 fluenta
1016 1547 1074 1597 est.

203 1648 276 1713 Huc
294 1647 461 1732 phaeton,
477 1649 578 1714 rutilo
596 1671 769 1737 percussus
787 1648 926 1713 fulmine
942 1664 1055 1737 pectus
1064 1696 1079 1729 ,1
1193 1664 1228 1704 12⁵

203 1765 417 1830 Semicremus
434 1763 570 1848 cecidit,
588 1765 732 1830 Phoebeo
751 1766 859 1854 lapsus
875 1765 918 1830 ab
932 1785 1012 1845 axe,

203 1878 311 1961 Quem
326 1879 406 1944 vasti
424 1903 539 1969 cepere
557 1881 663 1963 lacus,
679 1897 897 1971 stagnansque
913 1876 1039 1944 Padusa

205 1996 357 2060 Vulneris
371 1996 513 2061 ardentis
529 1997 623 2085 pueri
641 2012 789 2086 correpta
803 2017 941 2084 vapore3
1038 1998 1041 2007 '

203 2111 299 2175 Nunc
317 2111 414 2176 etiam
430 2111 581 2202 gravibus
598 2112 753 2176 miscetur
768 2109 923 2176 odoribus
940 2109 1029 2176 unda
1040 2159 1055 2192 ,‚

203 2224 297 2290 Unda
311 2225 465 2315 frequens
482 2226 620 2290 nimium
635 2249 730 2292 :non
749 2227 834 2292 hanc
851 2226 1042 2316 pernicibus
1055 2225 1113 2290 alis
1191 2241 1228 2280 1³0

202 2341 373 2424 Transeat,
390 2342 425 2406 in
443 2341 569 2430 liquido
591 2342 729 2408 volitans
748 2365 825 2432 vaga
841 2341 969 2432 gurgite
986 2363 1118 2430 praepes.

202 2456 373 2547 Virgineus
392 2457 511 2522 chorus
531 2456 721 2539 Heliadum,
740 2480 839 2546 super
855 2458 917 2522 alta
935 2455 1084 2522 sedentes

202 2570 348 2636 Extensis
366 2571 449 2635 foliis
468 2571 611 2662 riparum
632 2571 782 2654 brachia,
801 2571 907 2636 fratris

202 2685 317 2750 Tristia
333 2685 396 2750 lata
420 2702 573 2777 gemunt,
591 2703 793 2778 cognataque
808 2688 922 2751 funera
940 2684 1077 2750 ducunt.

204 2797 302 2864 Gutta
317 2800 497 2888 superciliis
514 2801 629 2866 crebro
645 2800 840 2865 stillantibus
858 2799 923 2863 exit
1189 2817 1225 2856 1³⁵

203 2915 320 2980 Electri
339 2916 373 2979 in
390 2893 551 3006 gemmas,
568 2916 758 3006 Phoeboque
780 2931 893 2980 exusta
910 2915 1027 2982 calenti

205 3031 383 3097 Flumineis
399 3031 530 3096 tandem
551 3047 703 3098 concreta
719 3031 847 3096 nitescit
862 3030 985 3112 arenis3
1036 3103 1039 3110 ⁴

205 3147 388 3210 Hom-isonis
407 3149 523 3212 Boreas
539 3171 643 3236 quum
658 3147 752 3212 litora
768 3144 897 3211 flatibus
910 3146 963 3210 illa

203 3263 375 3340 Verberat,
390 3279 422 3328 et
439 3265 537 3356 nigrae
553 3287 656 3352 quum
676 3262 813 3328 lluctuat
829 3261 918 3327 unda
931 3259 1075 3350 paludis,

203 3377 333 3443 Eridani
351 3377 495 3444 subeunt
509 3379 633 3462 latices,
652 3378 829 3442 volvuntur
849 3392 881 3440 et
900 3376 988 3440 amni
1187 3397 1225 3439 140

204 3495 317 3559 Frusta
334 3510 461 3576 concta,
480 3493 575 3559 Notis
593 3493 776 3583 pluviisque
792 3491 936 3555 undante
955 3489 1090 3556 fluento.

204 3611 298 3674 Fama
316 3627 424 3675 tamen
444 3611 547 3700 prisca
562 3624 610 3673 est
625 3608 721 3673 Celtis
737 3606 942 3689 auctoribus,
963 3605 1031 3670 illas

203 3725 279 3789 Esse
294 3724 347 3789 dei
362 3726 518 3814 lacrymas
531 3724 644 3806 Clarii,
670 3721 749 3786 dum
765 3723 872 3810 plorat
886 3719 1075 3808 ademptum

202 3837 361 3927 lampade
376 3839 533 3904 fulminea
549 3854 677 3920 natum,
689 3835 864 3923 radiosque
878 3856 1046 3898 resumens

202 3953 238 4021 ln
255 3953 410 4041 lacrymas
426 3968 514 4017 totus
532 3951 618 4017 cedit
632 3949 730 4032 deus,
749 3950 887 4038 imputat
901 3947 977 4036 ipsis
1187 3965 1223 4010 qs

203 4069 336 4132 Moestus
353 4069 444 4157 equis
462 4069 529 4133 nati
543 4091 650 4150 casus,
663 4083 697 4130 et
713 4065 847 4131 verbere
864 4064 953 4128 saevit
968 4113 976 4141 ‚

204 4183 343 4266 Quando
358 4186 441 4250 ultra
460 4187 592 4250 Boream
609 4186 712 4264 venit,
729 4199 921 4270 montesque
939 4180 1074 4260 nivales,

123 4355 127 4368 .
202 4299 242 4364 Et
255 4303 369 4366 caelum
387 4301 497 4390 liquit,
512 4301 677 4392 patrisque
696 4298 851 4364 minantia
867 4295 964 4360 verba
