3220 5128
423 541 426 550 ,
454 479 868 548 ARGONAUTARUM.
1131 489 1194 556 383

128 606 236 670 Schol.
256 604 407 693 Apollon.
428 604 492 684 ΙΙΙ,
514 605 955 684 1240380h01.t³ind.1s1h.
976 607 1009 691 1,
1026 609 1083 692 453
1105 611 1194 676 unde

132 711 281 776 Onchesti
284 709 391 799 plebes
404 709 576 797 Neptunia,
590 711 667 774 Stat
677 713 755 793 Vll,
777 735 851 799 271.
868 712 989 776 Eadem
1002 714 1086 779 forte
1099 718 1195 781 ctiam

130 815 255 879 ratione
271 816 408 878 alterurn
425 815 516 878 Idam
534 815 654 879 Statius
671 838 709 879 ex
727 815 850 880 diversa
866 834 956 906 parte
973 817 1118 901 inducit,
1138 823 1193 887 lib.

131 921 206 1002 Vll,
233 919 313 1001 588,
331 942 430 1008 quem
448 921 632 984 Taenoriwn
647 937 760 1002 vocat,
780 945 882 1010 quum
900 940 933 986 et
954 925 1107 990 Tanarus
1133 929 1198 992 Nc·

130 1041 236 1115 ptuno
255 1050 358 1109 sacra,
377 1043 415 1091 ut
434 1025 542 1090 Schol.
556 1027 708 1113 Apollon.
722 1028 790 1104 ΙΙΙ,
814 1027 906 1115 ι239.
929 1030 990 1094 Hic
1005 1031 1082 1094 Idas
1100 1033 1195 1097 etiam

130 1134 327 1221 Marpessam
355 1132 478 1224 rapuit,
502 1148 534 1195 et
562 1155 601 1194 ex
629 1155 666 1195 ea
690 1135 804 1220 genuit
825 1135 1023 1222 Cleopatram
1044 1137 1202 1228 Meleagri,

130 1261 287 1320 uxorem;
308 1241 444 1303 Pausan.
462 1239 518 1319 lV,
542 1261 571 1302 2.
600 1240 648 1302 De
673 1263 740 1327 quo
763 1253 857 1329 raptu
881 1239 953 1304 vide
977 1243 1140 1309 Plutarch.
1157 1245 1198 1310 de

131 1346 238 1410 Flum.
256 1339 289 1408 in
305 1347 483 1433 Lycorma,
497 1361 530 1408 et
545 1344 653 1408 Schol.
669 1345 766 1410 Hom.
779 1347 817 1410 ll.
830 1349 863 1428 Ι,
876 1371 906 1412 r.
921 1345 995 1412 553.
1010 1351 1086 1414 Haec
1103 1351 1197 1415 Cleo-

131 1467 223 1540 patra
246 1451 342 1516 etiam
359 1450 502 1535 Alcyone
526 1448 610 1513 dicta
632 1450 695 1514 luit
714 1452 844 1539 Hygino
863 1452 927 1516 fab.
950 1455 1105 1541 174,ubi
1123 1454 1197 1519 vide

131 1555 284 1621 Munker.
302 1557 474 1638 Maserius,
489 1579 592 1644 quum
606 1556 647 1621 ad
659 1557 728 1620 Val.
747 1558 847 1622 Flacc.
865 1559 897 1640 Ι,
915 1559 1000 1641 462,
1024 1577 1111 1626 recte
1129 1562 1197 1627 haec

133 1661 331 1744 tradidisset,
346 1662 386 1727 ad
398 1663 454 1726 lib.
470 1663 536 1743 ΙΙΙ,
555 1661 629 1744 544,
639 1662 717 1727 dicit
732 1686 769 1727 ex
781 1665 927 1752 Alcyone
944 1665 1035 1731 ldanr
1049 1669 1198 1756 genuisse

132 1767 342 1847 Atalantam,
360 1768 512 1858 Meleagri
529 1789 675 1832 uxorem.

176 2017 321 2083 IDMON
331 2065 339 2099 ,
362 2016 514 2079 omnibus
538 2017 752 2096 memoratus,
774 2013 831 2078 sed
856 2016 917 2080 soli
938 2017 1137 2106 Apollodoro
1164 2021 1197 2084 in

133 2123 288 2211 Catalogo
304 2124 581 2211 Argonautarum,
601 2142 698 2207 quem
719 2135 824 2183 tamen
843 2121 959 2186 malam
979 2146 1112 2188 manum
1129 2149 1200 2213 pas-

133 2252 205 2294 sum
225 2227 324 2290 fuisse
336 2225 452 2306 credo,
468 2226 543 2314 quia
559 2225 839 2312 insequentibus,
858 2226 913 2292 lib.
928 2229 958 2309 Ι,
976 2251 1043 2317 cap.
1056 2251 1097 2314 9,
1113 2242 1128 2307 s
1146 2231 1197 2313 23,

134 2333 274 2399 ldmona
293 2348 398 2395 vatem
421 2330 462 2394 ab
483 2353 561 2419 apro
578 2353 768 2420 percussum
785 2331 819 2393 in
841 2331 1061 2420 Maryandinis
1080 2355 1197 2401 narrat.

135 2441 235 2504 Filius
250 2439 405 2526 Apollinis
423 2452 456 2501 et
473 2439 615 2526 Cyrenes
631 2438 729 2527 vulgo
747 2437 946 2521 habebatur,
969 2440 1026 2506 sed
1042 2442 1202 2532 Pherecy-

134 2548 190 2612 des
204 2547 354 2635 Apolline
366 2561 398 2609 et
415 2544 554 2626 Asteria,
573 2545 693 2608 Coroni
711 2542 784 2624 filia,
808 2546 955 2632 genitum
971 2548 1100 2636 scripsit
1113 2551 1199 2637 apud

134 2654 302 2718 Scholiast.
318 2651 468 2742 Apollon.
487 2652 521 2732 Ι,
552 2650 634 2735 139,
653 2649 711 2714 ubi
727 2667 759 2714 et
773 2649 922 2714 laudatur
936 2652 1126 2719 Chamalion
1143 2680 1202 2720 an·

135 2761 246 2849 tiquus
263 2759 419 2846 scriptor,
437 2757 493 2845 qui
509 2757 661 2835 ldmona,
686 2778 753 2819 non
771 2779 891 2820 nomen
909 2759 1079 2847 proprium
1097 2763 1202 2852 Argo·

135 2881 241 2931 nautae
261 2865 359 2928 fuisse
376 2861 566 2945 contendit,
596 2863 654 2926 sed
671 2862 838 2951 epitheton
859 2863 1025 2928 Thestoris.
1045 2865 1201 2931 Maserius

134 2993 267 3060 quoque
293 2969 334 3035 ad
350 2969 447 3034 lib.V
465 2970 567 3056 princ.
586 2985 677 3033 notat
695 2967 847 3032 Codrum
863 2971 1004 3034 Urceum
1029 2971 1202 3038 credidisse

134 3079 273 3141 ldmona
287 3098 356 3140 esse
367 3077 530 3164 Mopsum,
544 3097 616 3161 quae
633 3075 773 3163 suspicio
787 3075 883 3138 etiam
900 3093 972 3139 nata
988 3077 1093 3142 fuerat
1105 3079 1201 3144 Crelio

134 3181 339 3270 Rhodigino,
353 3183 441 3244 Lect.
456 3180 566 3266 Antiq.
578 3179 702 3260 XXIX,
713 3203 783 3268 cap.
800 3179 849 3262 15,
859 3181 916 3245 sed
930 3205 1005 3246 mox
1018 3182 1201 3271 repudiata;

134 3311 212 3352 nam
228 3309 341 3350 omnes
356 3287 463 3350 Poetae
481 3301 511 3349 et
528 3284 711 3375 Mythologi
729 3284 864 3351 ldmona
885 3285 1047 3352 diversum
1062 3291 1201 3374 faciunt,

134 3411 168 3456 et
183 3409 291 3457 vatem
305 3393 372 3456 sive
385 3413 540 3480 augurem
558 3392 656 3454 fuisse
672 3389 820 3472 tradunt,
837 3408 875 3455 ut
893 3416 967 3456 cum
981 3393 1066 3457 inter
1077 3395 1200 3461 veteres

133 3514 223 3564 vates
237 3513 385 3562 recenset
398 3497 547 3560 Clemens
560 3496 733 3561 Alexandr.
751 3497 868 3560 Strom.
882 3499 914 3578 l,
933 3522 1004 3588 pag.
1023 3499 1107 3583 3343
1128 3502 1202 3566 vide

133 3605 240 3669 Valer.
257 3604 360 3667 Flacc.
379 3605 412 3683 l,
432 3603 513 3683 228,
533 3601 590 3665 ubi
604 3602 768 3665 Plroebeius
784 3600 920 3684 dicitur,
941 3619 973 3666 et
988 3605 1119 3693 Mopso,
1144 3610 1201 3695 qui

133 3710 309 3774 immanior
324 3725 357 3772 et
374 3709 509 3772 horrore
526 3707 655 3794 deoque
671 3708 806 3796 plenior,
820 3709 959 3796 quietior
968 3709 1083 3775 ldmon
1099 3737 1202 3803 oppo-

134 3817 235 3879 nitur.
250 3817 354 3881 Fuere
379 3831 410 3879 et
433 3813 489 3902 qui
513 3813 647 3878 Abantis
664 3811 788 3893 filium,
813 3829 846 3876 et
861 3814 1016 3903 Argivum
1033 3816 1200 3900 fecerunt,

134 3938 218 3984 teste
240 3921 387 4011 Hygino,
414 3920 500 3983 inter
516 3941 599 4006 quos
613 3918 784 4008 Orpheus,
808 3941 854 3983 vs.
875 3919 955 4001 185,
986 3923 1042 4009 qui
1061 3923 1199 3987 nothum
1222 3939 1223 3942 ’

133 4026 216 4090 dicit
232 4025 366 4088 Abantis
381 4023 499 4104 filium,
515 4047 614 4112 quem
628 4024 793 4087 Antianira
806 4026 919 4114 genuit
935 4027 1085 4113 Apollini.
1111 4027 1202 4092 ldem

134 4135 205 4195 fere
227 4129 324 4194 tradit
346 4130 553 4218 Apollonius,
574 4128 663 4194 unde
681 4129 871 4193 Scholiastes
893 4129 961 4208 ejus
978 4133 1202 4220 cognationem

134 4259 214 4302 cum
230 4233 366 4300 AEolidis
382 4251 414 4300 et
426 4234 587 4298 Crethidis
602 4233 752 4316 deducit,
772 4235 856 4298 Abas
874 4235 959 4297 enim
974 4235 1204 4327 Melampodis,
