3150 5126
726 370 741 420 ί

471 533 893 603 ARGONAUTARUM.
1140 535 1199 600 331

150 661 350 724 Memora'tur
367 653 399 721 et
413 657 570 747 Hippasus
583 658 667 722 inter
681 657 763 723 filios
778 657 905 744 Pelopis
928 679 945 717 a
968 655 1073 720 schot.
1091 655 1203 744 Eurip.

152 765 257 828 Orest.
273 763 312 844 5,
330 778 362 826 et
386 763 429 826 ita
457 780 542 829 recte
568 764 821 852 Peloponnesius
834 777 940 841 esset,
971 759 1043 824 tide
1065 761 1148 822 infre
1167 762 1202 824 in

147 871 265 958 Iplrs'to.
274 867 337 932 Sed
352 869 432 932 alius
446 871 616 958 scrupulus
632 871 774 950 injicitur
785 891 825 933 ex
836 890 890 943 eo,
908 861 997 954 quod
1010 868 1127 955 Augeae
1139 865 1202 929 fra-

149 988 200 1039 ter
215 971 341 1039 dicatur
358 973 411 1037 hic
426 978 526 1038 Actor
535 971 753 1062 Apollodoro,
768 974 823 1038 lib.
836 974 885 1055 ΙΙ,
901 993 973 1061 pag.
989 972 1204 1058 112,Augeas

149 1103 228 1145 vero
259 1079 341 1144 filius
366 1081 438 1144 initu
462 1079 563 1169 (q'uod
583 1081 730 1169 imperite
752 1081 910 1167 interpres
939 1075 1094 1159 reddidit,
1115 1071 1206 1160 filius

149 1186 254 1265 Helii,
270 1185 358 1274 apud
373 1185 539 1268 eumdem,
558 1185 613 1250 lib.
625 1188 658 1266 l,
674 1209 744 1276 pag.
759 1189 818 1268 42,
836 1204 936 1273 quum
952 1181 1144 1248 vertendum
1162 1182 1204 1246 sit

136 1287 236 1374 ¹filr'ui
256 1291 349 1370 Solis,
362 1307 399 1356 nt
413 1308 499 1358 recte
511 1293 644 1356 Allstius
659 1293 691 1354 in
710 1295 883 1379 Anonymo
901 1289 942 1354 de
959 1288 1022 1353 ΧΠ
1037 1286 1203 1352 laboribus

148 1398 315 1478 Herculis,
336 1419 403 1485 cap.
419 1395 456 1476 5,
472 1419 544 1486 pag.
563 1397 644 1484 329,
668 1397 724 1460 ubi
752 1419 869 1486 groece,
894 1409 957 1466 Παῖς
980 1394 1091 1482 Ἠλίου),
1106 1403 1140 1457 st
1160 1393 1202 1456 ab

148 1501 300 1588 Apellen.
319 1501 380 1566 hh.
399 1502 430 1582 1,
460 1501 666 1588 172,i1otoo,
692 1501 747 1565 ubi
775 1501 966 1564 scholiastes
992 1511 1100 1578 notat,
1125 1519 1201 1561 eum

146 1605 282 1693 'quidem
300 1607 398 1695 'vulgo
414 1607 536 1670 dictum
553 1601 650 1672 hrisse
665 1607 746 1670 Solis
763 1605 882 1687 filium,
906 1604 963 1669 sed
979 1625 1087 1668 revera
1102 1603 1202 1668 fuisse

149 1710 253 1774 filium
269 1711 462 1776 Phorbantis
479 1735 518 1774 ex
533 1713 708 1800 Hyrmine,
724 1712 815 1776 Nelei
826 1711 904 1792 iilis3
921 1727 953 1774 et
964 1710 1089 1774 Pausan
1104 1708 1202 1790 lib.V,

154 1839 164 1878 r
180 1863 188 1896 ,
204 1815 285 1880 'dicit
299 1817 380 1878 male
390 1815 545 1904 quosdam
560 1839 634 1880 cum
652 1816 752 1898 instro,
763 1815 836 1879 Elei
851 1815 950 1880 filium
967 1817 1082 1896 facere,
1098 1831 1201 1901 quum

150 1923 248 1985 fuerit
260 1917 347 2002 mter,
363 1923 443 1986 Solis
451 1947 464 2002 ‚·
481 1924 537 1987 ubi
554 1924 648 1988 etiam
665 1927 784 1988 Actora
797 1913 980 2011 indigenam
995 1922 1069 1985 facit
1084 1919 1200 2002 Elidis,

148 2023 182 2092 e't
199 2025 301 2089 filium
323 2027 528 2092 Phorbantis.
546 2029 578 2092 Si
602 2051 678 2118 ergo
701 2029 799 2094 irater
825 2029 951 2094 Actoris
977 2032 1103 2113 Augeat
1121 2025 1202 2107 fuit,

149 2135 250 2196 Actor
266 2132 360 2196 etiam
380 2131 463 2196 filius
480 2132 672 2198 Phorbantis
695 2135 810 2198 debuit
824 2135 909 2214 esse;
928 2131 985 2198 sed
1002 2131 1201 2196 Phorbantes

149 2238 246 2302 etiam
262 2236 377 2302 diversi
391 2256 610 2304 memorantur
625 2263 643 2304 a
661 2240 867 2329 Mythologis.
889 2241 949 2304 Hic
964 2257 1040 2303 vero
1057 2225 1201 2302 Phorbas

149 2343 284 2408 Olenius
297 2344 393 2408 fuisse
402 2345 530 2410 videtur
541 2369 549 2409 :
560 2369 634 2410 nam
643 2347 789 2412 Eustath.
799 2345 840 2410 ad
852 2347 949 2410 Hom.
962 2344 1050 2411 iliad.
1060 2345 1107 2424 11,
1120 2343 1200 2424 616,

148 2447 231 2512 dicit
244 2448 428 2514 Phorbanta
446 2473 484 2515 ex
502 2453 657 2539 Hyrmine
670 2453 682 2539 (
694 2475 790 2540 quam
805 2451 911 2516 Schol.
930 2451 1035 2539 Apoll.
1052 2449 1144 2513 Nelei
1164 2445 1201 2510 fi-

149 2555 225 2618 liam
243 2553 347 2619 iacere
361 2555 459 2620 modo
474 2555 650 2646 vidimus),
667 2559 824 2623 Alectoris
841 2579 965 2637 sorore,
980 2571 1012 2619 et
1027 2553 1200 2643 Epei‘filia,

148 2660 326 2748 suscepisse
341 2664 482 2751 Augeam
499 2679 532 2726 ct
546 2663 684 2744 Actora,
705 2681 738 2728 et
760 2685 799 2728 ex
812 2665 926 2727 Actore
941 2677 1032 2725 natos
1054 2661 1200 2723 Cteatum

149 2779 184 2826 et
201 2763 370 2851 Eurytum.
387 2765 579 2831 Phorbantis
594 2768 690 2832 etiarn
712 2768 813 2831 filium
832 2768 907 2831 facit
924 2765 1089 2854 Hyginus,
1112 2778 1149 2826 ut
1167 2763 1201 2826 in

150 2889 192 2932 eo
209 2868 359 2934 vidimus.
383 2871 566 2936 Phorbanta
583 2896 661 2939 vero
678 2875 802 2964 origine
820 2874 917 2937 fuisse
935 2870 1075 2960 Lapithae
1100 2867 1201 2932 filium

150 2974 400 3058 etOrsinomcs,
413 2993 446 3040 et
457 2979 651 3043 concessisse
665 2981 821 3061 Olenum,
832 2995 864 3043 et
879 2979 920 3042 eb
936 2978 1094 3057 Alectore,
1104 2972 1203 3038 Elidis

152 3098 245 3166 rege,
268 3079 302 3142 in
328 3081 526 3146 consortium
549 3083 638 3172 regni
662 3081 820 3148 adscitum
845 3097 1002 3148 memorat
1025 3077 1121 3144 Diod.
1140 3078 1202 3142 Sic.

152 3182 210 3246 lib.
220 3184 275 3265 IV,
282 3207 315 3272 p.
327 3185 398 3272 189,
409 3203 442 3250 et
450 3187 546 3266 hujus
558 3189 705 3252 meminit
719 3187 813 3254 0vid.
823 3188 856 3251 in
868 3187 1075 3276 Lapitharum
1084 3205 1203 3274 pugna,

152 3287 286 3354 Metam.
299 3291 384 3371 xll,
404 3289 485 3373 3223
503 3309 614 3380 postea
632 3295 757 3360 transiit
769 3295 802 3357 in
817 3292 988 3374 Rhodum,
1006 3291 1081 3372 ubi,
1100 3289 1204 3354 insula

150 3417 171 3454 u
186 3393 390 3481 serpentibus
402 3411 553 3486 purgata,
571 3415 680 3487 postea
696 3410 751 3478 tq·
765 3408 871 3480 ἡρωῑκὰς
888 3406 980 3478 τιμὰς,
997 3412 1076 3460 tcste
1088 3394 1202 3460 eodem
1226 3393 1234 3416 ⁸

152 3499 317 3583 Diodoro,
336 3503 502 3592 pag.·228,
513 3503 576 3570 -ubi
587 3521 695 3594 aperte
704 3503 845 3594 Lapithes
861 3503 963 3584 filius,
980 3518 1012 3566 et
1027 3503 1061 3566 in
1070 3503 1205 3568 Thessa·

150 3601 193 3666 lia
202 3619 362 3686 moratus,
373 3603 464 3671 sedes
474 3609 654 3694 quaesivisse
663 3623 762 3673 certas
772 3655 782 3688 ,
794 3607 851 3670 ubi
865 3605 1062 3688 consideret,
1074 3605 1202 3670 dicitur.

153 3706 217 3772 Sed
241 3708 402 3776 Meursius
429 3711 470 3776 de
493 3711 630 3794 Rhodo,
658 3713 713 3776 lib.
729 3715 762 3793 1,
781 3733 849 3798 cap.
872 3709 901 3786 5,
921 3709 962 3775 de
987 3710 1047 3774 hac
1072 3708 1206 3784 historia

151 3833 269 3900 agens,
285 3813 337 3878 illa
354 3815 450 3880 verba
466 3839 503 3880 ex
520 3815 667 3904 Dionysii
679 3795 864 3880 testimonio
882 3814 1017 3894 omittit,
1034 3829 1067 3877 et
1079 3814 1206 3902 Triopoe

151 3915 256 3980 filium
283 3919 381 3984 fuisse
407 3922 539 4004 statuit,
556 3945 594 3986 cx
612 3922 732 4012 Hygini
751 3921 884 3985 Poetieo
905 3918 1149 4001 Astronomico;
1174 3935 1207 3984 et

152 4045 227 4087 eum
247 4025 359 4090 Carem
377 4027 469 4109 iacit3
488 4028 576 4092 unde
599 4043 731 4116 apparet
740 4028 871 4091 Veteres
896 4023 1081 4088 confudisse
1098 4024 1207 4112 plures

153 4130 364 4198 Phorbantas.
391 4133 473 4198 Nam
491 4149 523 4198 et
546 4134 681 4223 Triopes
699 4134 807 4222 plures
824 4134 972 4214 fuerunt3
985 4145 1018 4194 et
1043 4129 1127 4194 inter
1151 4153 1206 4196 eos

153 4237 249 4302 etiam
275 4238 461 4322 Thessalus,
479 4257 516 4306 ut
542 4255 574 4304 et
592 4239 736 4322 Phorbas
760 4256 826 4306 erat
840 4263 848 4304 :
861 4261 934 4303 nam
960 4235 1206 4302 Perrhaehoruru
