3102 5128
356 498 743 567 Asconenrroon
773 507 860 572 cns.
884 511 965 598 vn.
1146 541 1188 605 99

172 631 236 692 Ore
250 629 367 693 fremit.
383 627 527 694 Succcde
539 651 636 705 mete,
650 631 839 718 fortissime,
855 637 961 722 laudi,

170 743 211 805 Et
221 757 349 808 nostros
363 744 486 826 recole,
499 743 634 830 hospes,
647 766 761 834 agros:
776 771 836 813 nec
846 752 969 816 semina
980 752 1132 836 deerunt,

171 853 251 936 Quae
264 857 353 945 prius
366 858 435 944 ipsc
450 855 581 936 dabam,
596 873 627 920 et
639 881 773 942 messes,
787 886 866 950 quas
878 866 965 930 solus
976 868 1117 936 obibam.

169 971 315 1035 Consiliis
326 993 392 1035 nox
403 995 468 1036 una
480 973 761 1062 satis,tecnrnque
771 993 905 1043 retracta
1162 1024 1188 1062 70

169 1083 315 1172 Cumque
325 1085 389 1148 tuis
401 1083 469 1149 haec
479 1085 566 1165 jussa
577 1088 662 1172 deis;
676 1112 713 1153 ac
725 1090 751 1154 si
765 1091 844 1178 quid
855 1093 889 1156 in
900 1095 963 1161 isto
973 1114 1022 1162 est

169 1195 313 1280 Robore,
324 1197 467 1288 praedicti
478 1202 586 1266 venies
598 1204 632 1266 in
643 1225 719 1267 rura
729 1203 858 1271 laboris.

169 1312 238 1400 lpse
248 1314 390 1378 incertus
401 1313 524 1397 adhuc,
536 1316 678 1380 tenebris
689 1333 721 1380 te
732 1319 881 1404 protinus
894 1322 955 1386 illis

169 1428 291 1492 Involvi
305 1427 510 1516 flammisque
522 1430 636 1510 velim,
651 1429 769 1496 durare
783 1455 956 1523 parumper

168 1543 215 1604 An
228 1543 346 1632 magis,
359 1565 470 1608 everso
482 1543 578 1622 jacias
589 1542 669 1609 dum
681 1545 802 1610 semina
815 1569 946 1636 campo,

168 1659 215 1720 An
226 1657 283 1722 tibi
294 1657 426 1723 Cadmei
439 1657 517 1722 dum
529 1659 659 1722 seminis
670 1675 761 1723 exeat
770 1659 866 1747 hydri

167 1767 275 1851 Miles,
293 1787 325 1835 et
337 1787 457 1846 amata
474 1769 644 1836 florescant
659 1773 746 1860 pube
762 1775 924 1846 novales.»

209 1883 284 1948 Filia
297 1886 402 1972 prima
415 1885 514 1949 trucis
526 1885 639 1948 vocem
654 1886 767 1949 mirata
780 1891 908 1974 ty'ranni
996 1905 999 1914 ’

168 2000 278 2077 Haesit,
292 2017 325 2065 et
335 2001 377 2066 ad
384 2003 538 2082 juvenem
549 2001 699 2089 pallentia
711 2004 835 2067 rettulit
846 2027 920 2088 ora,

164 2114 435 2203 Contremuitque
447 2131 553 2198 metu,
566 2137 608 2177 ne
620 2115 746 2180 nescius
758 2115 876 2180 audeat
889 2118 1026 2208 hospes,
1159 2150 1183 2185 ⁸0

154 2337 190 2384 γι.
206 2325 232 2370 Si
249 2325 301 2385 quie
317 2326 342 2369 in
356 2325 398 2369 isto
415 2333 454 2369 est.
470 2323 561 2368 Boron.
582 2321 635 2366 cod.
653 2347 683 2354 -
700 2335 737 2379 7²·
755 2323 861 2368 Veniens.
877 2325 967 2368 Boron.
984 2325 1037 2372 eod.
1056 2327 1146 2374 Bonon,
1163 2331 1181 2374 ι,

127 2403 187 2450 ient.
198 2403 251 2448 nd.
263 2405 334 2449 Forte
341 2401 443 2465 predari
455 2400 591 2462 legendum.
608 2425 639 2436 -
652 2401 691 2459 75.
704 2403 792 2462 Anguis
802 2404 826 2446 r're
838 2417 919 2448 ereren.
931 2403 993 2450 Male
1006 2405 1061 2451 Ald.
1077 2422 1105 2452 ex
1118 2412 1183 2470 conj.

128 2485 215 2529 lum
226 2483 306 2529 Heius.
319 2482 421 2542 exconj.
434 2481 502 2527 bene.
517 2505 548 2515 —
557 2495 595 2541 79.
604 2480 670 2524 Brit.
683 2479 773 2526 Boron.
789 2489 814 2526 et
824 2479 903 2526 turm.
918 2481 988 2528 codd.
1004 2493 1028 2530 et
1043 2499 1076 2530 vs.
1088 2486 1181 2548 subseq.

127 2577 170 2608 m
179 2577 244 2624 posu
258 2561 329 2610 iidem
344 2561 415 2608 codd.
425 2585 455 2596 -
466 2560 503 2606 80.
516 2562 551 2607 Ne
561 2557 671 2606 onissnm
682 2558 705 2605 in
715 2561 768 2606 Vnt.
781 2558 835 2605 cod.
845 2561 887 2606 En.

126 2747 384 2821 usqne‚dedie.1rem
394 2759 529 2800 taurorum
545 2745 628 2816 magis
709 2749 788 2815 71.Si
802 2751 862 2815 quid
872 2751 928 2820 spei
939 2751 949 2818 (
959 2751 995 2802 sic
1012 2751 1121 2820 Pius)in
1137 2759 1182 2806 iseo

126 2829 255 2882 exornavit
266 2827 387 2881 Valerius
403 2844 483 2898 quam
503 2825 626 2897 Apollon.
671 2829 812 2877 morchere
826 2842 874 2887 est,
887 2832 972 2880 venies
986 2831 1080 2882 inrum
1094 2836 1182 2885 laboris

126 2907 182 2972 ΠΙ,
194 2914 246 2975 409
255 2927 294 2980 eq,
666 2907 796 2971 praedicti,
824 2923 883 2976 quse
907 2906 982 2977 plena
1004 2909 1102 2962 laboris
1129 2932 1183 2965 esse

155 2991 198 3056 67.
210 2989 329 3046 Srweede,
332 2987 469 3054 fortissime
477 2986 488 3052 (
497 2981 596 3035 ironice
605 2987 626 3050 ),
671 2981 719 3034 tibi
731 2981 850 3054 predixi.
861 2984 913 3037 En.

126 3085 180 3118 πει·
193 3068 264 3118 laudi
273 3103 281 3128 ‚
292 3063 374 3128 mihi,
388 3078 413 3116 et
425 3077 518 3114 nostros
532 3067 626 3123 recole,
708 3061 748 3129 73.
759 3067 815 3131 Ipse
823 3066 928 3115 incertm
939 3081 998 3116 sum
1009 3070 1103 3128 adhuc,
1114 3084 1181 3122 tene.

125 3144 166 3216 qui
186 3143 233 3198 din
257 3144 427 3216 quieverunt,
445 3140 533 3193 denuo
556 3159 628 3205 ares,
672 3142 719 3191 bris
732 3143 814 3194 noctis
827 3155 852 3192 te
863 3144 950 3196 statim
955 3149 1116 3215 flammisque
1128 3160 1184 3201 tau·

125 3241 201 3278 nom
214 3223 306 3293 (conf,
322 3243 346 3274 v.
365 3225 428 3292 77),
445 3239 531 3288 agros.
548 3219 627 3272 Orid.
672 3237 761 3270 rorum
770 3223 869 3282 involvi,
882 3222 982 3286 velari,
997 3225 1122 3278 suffocari
1131 3249 1181 3292 ‚an

125 3301 296 3368 blet.1‚647‚
312 3305 403 3352 multe
415 3313 488 3350 terra.
669 3317 801 3366 parumper
812 3301 915 3360 durare,
932 3301 1068 3370 paululum
1082 3315 1181 3377 tempo.

156 3385 199 3437 68.
210 3387 263 3434 Nec
271 3384 364 3432 semina
373 3383 490 3438 dement,
501 3387 527 3429 et
535 3374 627 3428 eodem
671 3378 707 3429 ris
722 3379 800 3430 vitam
815 3389 841 3429 te
858 3378 977 3444 trahere,
990 3385 1080 3442 velim,
1104 3389 1181 3436 donec

123 3461 245 3534 quidem,
264 3478 322 3532 que
343 3460 400 3530 ipse
419 3473 540 3530 spargere
562 3455 627 3508 tole·
671 3475 765 3517 everso,
790 3476 897 3509 vomere
923 3459 1071 3528 proscisso,
1095 3481 1181 3529 earnpo

123 3545 178 3596 bant
186 3582 194 3604 ‚
203 3557 228 3594 et
237 3559 326 3593 messes
332 3577 340 3600 ‚
353 3557 416 3607 ques
427 3541 492 3588 solus
502 3539 512 3606 (
521 3535 572 3588 hoc
582 3553 628 3605 op·
672 3539 765 3585 semina
780 3539 877 3608 jacias,
897 3541 976 3587 donec
994 3541 1062 3590 miles
1083 3543 1181 3591 seminis

123 3623 236 3692 positum
254 3617 421 3691 sequentibus
441 3617 488 3666 diis
506 3616 571 3684 tuis)
585 3616 627 3663 ob·
671 3617 743 3677 hydri
761 3617 860 3664 &dinei
873 3631 958 3674 exeat,
974 3629 1074 3668 armata
1087 3636 1182 3672 manus

122 3707 190 3754 sem.
214 3698 360 3754 Obscurius
381 3695 433 3748 hoc
458 3693 543 3746 innuit
564 3711 626 3754 rex,
671 3711 702 3744 ex
724 3691 843 3744 dentibus
861 3691 984 3745 draconis
1003 3695 1180 3765 propullulet,

123 3799 173 3833 non
185 3777 327 3832 nominatis
338 3773 485 3828 &aeonum
497 3770 629 3835 dentibus,
671 3775 839 3843 etfloreseant
848 3775 911 3836 pube
923 3775 1022 3823 novales
1031 3811 1038 3834 ,
1048 3773 1096 3825 flos
1104 3775 1181 3845 jure-

122 3878 227 3932 sperans
248 3855 344 3929 quippe
354 3893 361 3916 ,
373 3850 447 3906 haud
465 3867 555 3924 parem
571 3851 627 3902 sore
670 3867 733 3901 num
746 3847 887 3917 vigentium
898 3847 1000 3901 esulcis
1014 3851 1094 3903 modo
1102 3854 1167 3906 actis

123 3939 201 3991 tauris
214 3937 346 3989 Iasonem.
670 3927 770 3980 resulta
782 3940 849 3978 terra
857 3965 865 3991 ,
874 3941 1029 3996 procrescat.

154 4009 626 4088 70.consitiisaddeliberandum2101
706 4005 794 4076 77·81.
804 4003 875 4068 Quid
886 4005 920 4057 ad
933 4005 988 4058 haec
1006 4005 1117 4060 Medea?
1134 4016 1182 4062 Pri-

122 4089 624 4161 nnasatis‚tecomquecumqaedeistuis,
672 4106 712 4137 rna
727 4086 794 4152 suit,
817 4103 874 4154 quae
898 4097 950 4135 tant
974 4087 1070 4138 atrocia
1101 4094 1181 4158 patris

121 4195 185 4247 quos
212 4177 312 4244 jactas,
339 4175 391 4223 lroec
408 4172 483 4238 jussa
504 4181 626 4230 retraeta,
670 4169 742 4237 jussa
756 4164 902 4216 miraretur.
917 4168 1005 4222 Haesr't,
1018 4163 1060 4214 rix
1074 4169 1180 4222 auribus

121 4255 200 4323 probe
209 4250 349 4325 perpende·
673 4240 770 4304 credit,
786 4246 908 4309 pallentia
928 4247 964 4292 ad
975 4245 1088 4309 juvenem
1110 4253 1182 4315 refert

1017 4365 1046 4424 J.
