3192 5138
358 431 881 554 inconsentaneum.
905 471 947 536 x.
1121 471 1185 558 ²59

163 601 205 666 Et
219 598 324 690 rigido
340 599 517 664 commixta
532 621 615 666 sono
630 615 681 666 est
698 602 844 690 cogentis
862 602 993 668 amicos.

163 715 228 782 Olli
240 713 442 779 conveniunt
456 713 583 778 moesti:
601 712 750 780 sublimis
766 716 863 780 Iason

162 831 389 922 Nympharum
408 829 552 896 monitus
568 827 704 918 pandit,
721 831 923 919 caelestiaque
942 854 1020 897 ora:

205 943 392 1035 «Accipite,
412 965 433 1008 o
449 943 546 1026 socii,
562 960 596 1008 et
610 943 750 1033 placidas
768 943 928 1011 advenire
938 962 1074 1012 mentes.
1147 965 1185 1018 ³⁷⁵

161 1063 241 1128 Tres
257 1061 338 1125 mibi
353 1059 395 1124 de
412 1079 552 1124 numero
569 1057 796 1149 Nympharum
811 1062 956 1126 immane
969 1063 1119 1150 querenti

161 1177 341 1241 Occurrcre
360 1172 449 1255 deae,
470 1173 642 1239 succinctis
659 1174 795 1240 nebride
812 1175 899 1241 fulva

163 1290 382 1380 Corporibus,
397 1289 482 1354 nivei
498 1310 653 1378 supremo
668 1289 703 1353 in
720 1291 839 1356 vertice
856 1291 940 1356 colli.

161 1404 221 1468 His
236 1401 373 1468 dorsum
389 1402 526 1468 incurro
542 1403 716 1468 nectebant
729 1405 858 1495 cingula
874 1427 997 1470 morsu„

159 1514 292 1581 Adstitit
304 1515 442 1582 attonito
458 1515 594 1605 propior
607 1517 748 1600 chorus3
763 1519 897 1608 insuper
913 1541 980 1584 una
1142 1541 1180 1581 sao

159 1631 332 1698 Ambrosia
347 1627 526 1696 ostendunt
540 1628 690 1698 deductis
706 1631 851 1697 restibus
869 1655 943 1698 ora:
985 1613 990 1620 ,

203 1777 218 1802 ι
230 1746 289 1809 Eia
299 1743 458 1835 agedum,
472 1742 558 1821 dux,
572 1745 654 1835 pelle
672 1767 795 1826 moras,
813 1745 986 1835 sociosque
1000 1748 1141 1814 revisens
1225 1778 1230 1790 ·

158 1888 174 1915 ι
183 1857 342 1948 Evigilare
355 1856 454 1940 jube,
468 1859 673 1947 propriaeque
687 1880 846 1948 reponere
861 1861 955 1926 matri

161 2003 176 2030 ι
187 1971 322 2038 Praemia
339 1961 487 2038 materno
506 1957 574 2037 dux
588 1973 713 2062 integer
729 1995 821 2061 aequa
838 1973 951 2040 labori.

155 2119 171 2145 ι
180 2087 260 2153 Mox
277 2088 414 2152 celerem
429 2073 565 2152 currunt·
579 2085 752 2175 Neptunus
769 2089 905 2154 numine
918 2090 1024 2155 amico
1111 2116 1115 2124 ·
1142 2110 1181 2151 ars

156 2202 355 2292 «Expediet,
371 2203 555 2292 celeresque
568 2216 654 2266 rotas
668 2201 745 2266 levis
759 2202 954 2290 Amphitrite
961 2235 984 2268 ι.

201 2316 298 2381 «Non
313 2317 442 2382 valuere
458 2316 542 2382 acies
559 2315 659 2380 aninri
674 2315 895 2382 internoscere
907 2319 1013 2384 moesti

155 2430 301 2497 Numina
317 2428 455 2495 fatidicis
472 2430 626 2496 solventia
641 2429 776 2496 vocibus
791 2453 857 2496 ora.

161 2543 206 2609 Se
225 2561 397 2610 nemorum
414 2543 523 2609 dixere
536 2542 631 2625 deas,
645 2545 845 2632 miserosque
859 2545 1003 2626 juvando

156 2658 330 2741 Mortales,
350 2657 460 2752 Libyae
475 2656 616 2746 pecudes
633 2673 667 2723 et
682 2679 757 2722 rura
775 2659 869 2723 tueri.
1138 2679 1177 2732 αφ

153 2771 313 2835 Praeterea
328 2793 542 2860 quacumque
559 2770 655 2846 mari,
672 2793 887 2859 quecumque
902 2793 961 2860 per
975 2771 1089 2838 orbem

154 2885 344 2961 Gessimm,
363 2905 431 2950 esse
445 2884 506 2948 sibi
523 2883 746 2949 memorabant
761 2884 887 2973 singula
904 2899 990 2950 nota.

152 2999 224 3064 Nec
238 2999 367 3088 penitus
384 2997 501 3064 vidisse
518 2995 630 3062 datum
644 3012 693 3062 est
710 2997 775 3062 boc
789 2997 914 3064 lumine
928 2997 1106 3090 Nymphas.

151 3112 218 3178 Sed
235 3113 344 3179 medio
358 3113 500 3178 tenebrae
515 3117 685 3202 sepserunt
702 3135 776 3176 aere
792 3112 896 3194 divas,

154 3229 238 3312 Qua·
255 3244 384 3294 nostros
401 3229 552 3294 hebetare
567 3226 673 3293 solent
688 3227 823 3324 caligine
842 3229 967 3294 rhus».
1133 3252 1171 3304 ³9⁵

198 3347 275 3410 Haec
290 3344 384 3409 latus
402 3344 562 3434 Stupuere
578 3343 694 3408 animis
710 3338 901 3408 nutantibus
919 3367 1049 3428 omnes,

150 3459 317 3548 Praecipue
334 3473 482 3523 monstro
498 3457 624 3544 Minyas
642 3457 781 3546 agitante
797 3457 939 3521 recenti:

150 3573 326 3662 AEquoreis
341 3572 492 3638 immanis
507 3594 612 3661 equus
632 3593 707 3635 nam
724 3570 850 3660 prosilit
867 3569 981 3652 undis,

149 3688 273 3753 Effissis
289 3711 348 3776 per
366 3688 448 3752 colla
458 3687 547 3768 jubis
565 3687 688 3752 cervice
703 3683 863 3772 superbus

147 3804 344 3885 Auricoma,
364 3801 456 3882 cujus
473 3817 585 3866 rorant
605 3783 933 3890 asperginemembra
1133 3825 1171 3866 ιω

148 3916 246 3980 Vasta
263 3917 376 3998 maris,
392 3938 556 4003 cursuque
571 3931 684 3996 notos,
698 3933 861 3999 cursuque
875 3913 1028 4000 procellas

147 4030 326 4106 Provocat,
342 4031 487 4096 hibernis
503 4030 606 4120 pelagi
620 4028 858 4094 inconstantior
876 4026 983 4092 undis.

148 4145 258 4226 Quem
271 4145 376 4213 risum
393 4146 504 4211 subito
520 4145 635 4211 Peleus
650 4145 801 4226 miratus,
815 4145 924 4211 amicis

989 4286 1037 4347 ry.
