3102 5128
379 527 439 599 rio
683 533 718 594 C.
744 529 938 592 vatuutl
968 527 1137 590 FLACCi

421 667 560 746 Objicit:
577 664 629 726 iiie
643 683 742 725 manu
756 659 857 738 subit,
875 675 906 722 et
920 659 984 721 rim
1000 659 1135 748 corripit
1150 681 1295 722 ornnem.
1410 685 1449 726 ra.

421 781 501 846 lade
519 779 575 844 ubi
594 778 673 842 sacta
693 797 831 854 nocens,
847 789 879 836 ct
896 794 961 837 nou
982 773 1169 837 revocabilis
1187 793 1334 860 unquam

425 895 529 960 Cessit
542 893 582 956 ab
599 914 656 955 ore
673 887 788 978 pudor,
805 887 1003 976 propiorque
1019 887 1164 974 implevit
1181 887 1341 974 Erinnys,

420 1009 571 1072 Carmina
590 1025 679 1067 nunc
694 1017 780 1066 totos
801 1002 900 1064 volvit
917 999 1051 1089 figitque
1067 1023 1126 1090 per
1141 1017 1231 1066 artus

419 1119 599 1201 AEsonidae,
617 1133 649 1182 et
667 1133 772 1181 toturn
791 1131 926 1204 septeno
943 1137 1112 1180 murmure
1129 1117 1233 1181 fertur

419 1239 478 1301 Per
495 1237 660 1323 clypeum,
683 1248 780 1319 atque
798 1231 868 1296 viro
887 1232 1067 1320 graviorem
1084 1229 1227 1296 reddidit
1244 1232 1379 1294 hastam.
1403 1247 1444 1290 ιω

416 1355 551 1438 Jamque
568 1331 624 1411 sui
637 1347 734 1409 tauris
753 1345 908 1433 tangarcnt
927 1343 1116 1408 absentibus
1134 1345 1235 1433 ignes.

459 1466 579 1528 «Nunc
597 1484 672 1550 age,
690 1474 722 1523 ct
737 1459 809 1538 has,
824 1459 947 1545 inquit,
957 1459 1069 1522 cristas
1081 1438 1270 1548 galeamque
1288 1479 1439 1536 resume,

417 1581 523 1662 Quam
540 1576 639 1640 modo
653 1576 784 1638 funerea
803 1573 910 1636 tenuit
926 1573 1095 1637 Discordia
1111 1573 1233 1638 dextra.

416 1695 507 1756 Hanc
523 1691 591 1769 jace
605 1711 662 1776 per
676 1685 814 1766 medias,
834 1707 937 1773 quum
955 1686 1089 1750 verteris
1104 1704 1250 1775 aequora,
1265 1709 1393 1752 messes.

415 1807 568 1872 Protinus
583 1805 615 1866 in
633 1823 702 1865 sese
718 1816 871 1864 conversa
887 1799 1051 1865 furoribus
1068 1801 1128 1865 ibit
1400 1823 1442 1868 47„

402 2065 455 2120 463.
472 2061 542 2110 Solvit
544 2061 651 2125 figitque.
664 2057 739 2104 vatic.
752 2059 841 2104 Βοιιοιι.
853 2057 922 2104 oodd.
935 2069 958 2105 et
968 2056 1021 2106 edd.
1034 2071 1088 2106 ante
1100 2063 1179 2108 Bursa.
1194 2061 1267 2108 roton
1274 2062 1383 2123 figitque.
1399 2061 1440 2104 Sic

374 2141 500 2190 mmdaat
508 2141 576 2187 Voss.
585 2147 609 2184 ct
619 2137 698 2184 licias.
709 2137 752 2184 Ea.

405 2377 467 2438 46οι
484 2377 529 2424 111e
546 2391 619 2422 marra
631 2373 709 2433 subit,
721 2363 876 2440 prehendit;
922 2372 1059 2422 absentibus
1068 2374 1149 2440 ι’ςιιοιι
1158 2383 1231 2424 tantu
1241 2371 1437 2426 estuarmiuurn

369 2453 490 2525 Apollou.
504 2451 555 2513 ill,
569 2449 807 2519 sommiaipip'
817 2445 878 2520 αἶψα
922 2449 1084 2519 magicorum
1112 2453 1250 2515 efficacia,
1277 2465 1306 2504 ut
1332 2453 1439 2504 eminus

368 2537 444 2604 χεροῖν
458 2529 717 2600 intermoreretur,
731 2529 878 2580 etvimear·
921 2527 989 2578 adeo
1005 2527 1059 2580 vim
1078 2543 1214 2594 exserant,
1235 2532 1358 2603 ignesque
1378 2543 1437 2581 tan·

367 2615 426 2679 ripis
440 2611 592 2664 festinanter
609 2627 717 2668 omnem,
730 2617 811 2664 totam
825 2624 892 2680 raio-¹
921 2623 1012 2658 rorum
1030 2609 1179 2662 absentium
1199 2609 1282 2664 minui
1300 2629 1331 2662 ac
1348 2608 1438 2662 deser-

367 2691 527 2743 dicaminum
540 2687 651 2757 copiam.
922 2702 1028 2738 vescere
1042 2685 1177 2758 incipiant.

403 2772 525 2836 dtis-472.
535 2769 663 2818 Jamrero
672 2762 766 2816 Medea
777 2781 808 2814 eo
818 2781 878 2834 pro-
957 2765 1018 2833 467.
1031 2771 1103 2816 Nunc
1116 2787 1178 2834 age,
1193 2783 1217 2816 ee
1231 2770 1277 2818 tas
1293 2769 1378 2816 crr'scas
1386 2787 1437 2834 ga-

366 2867 472 2917 gressa,
494 2845 565 2897 unde
588 2843 682 2916 pedam
703 2843 802 2894 referre
824 2859 876 2892 non
921 2845 1032 2910 iramque
1044 2851 1238 2911 resirmc,Qaars
1251 2849 1437 2911 asednflraerea

366 2937 469 2995 pmeset,
482 2941 555 2976 arrna
571 2921 674 2976 Jasonis
695 2921 803 2991 magicis
819 2919 878 2972 srti.
922 2925 999 2971 tenuit
1012 2927 1143 2975 Discordia
1156 2928 1254 2976 devera
1270 2923 1363 2977 Medea
1375 2924 1438 2976 sine

368 3008 417 3058 bus
427 3005 524 3068 finnat,
534 3015 613 3074 atque
623 3002 789 3061 corroborat,
803 3017 875 3051 eum·
921 2997 1004 3053 dubio
1017 3003 1119 3074 galeam
1137 3003 1324 3074 aliquantisper
1334 3019 1439 3073 ponere

368 3102 421 3154 quc
432 3083 635 3135 medicaminum
648 3079 723 3131 docet
734 3097 819 3130 usum.
832 3081 879 3128 ute·
919 3073 1042 3132 iasonem
1061 3085 1192 3152 jusseram
1208 3084 1251 3136 cui
1272 3101 1353 3154 quum
1377 3083 1437 3134 vim

366 3181 414 3212 noa
428 3163 567 3212 revocabilis
580 3177 689 3226 renqrcam
704 3161 775 3208 cessit
788 3162 820 3208 ab
833 3175 876 3206 ore
919 3156 1058 3214 disoordiat
1074 3160 1223 3223 indidisset,
1239 3162 1335 3214 reddit.
1350 3161 1437 3226 Quod

360 3244 444 3307 pudor
455 3239 629 3305 (senteutiam
646 3237 735 3289 intexit
748 3247 824 3306 poeta
836 3255 875 3288 re·
918 3236 972 3306 ipsa
985 3237 1136 3304 Discordia,
1149 3241 1225 3310 quasi
1238 3257 1364 3312 praesens,
1376 3255 1437 3300 non

365 3319 492 3370 risaimam
506 3316 687 3379 ,utilissimam
698 3318 718 3378 ),
725 3317 876 3382 propiorque
917 3314 1101 3386 adspectabiiis
1113 3329 1218 3383 tamen,
1232 3321 1333 3389 galeam
1346 3321 1438 3371 inani·

365 3401 484 3464 impiccir,
507 3395 651 3467 corripuit,
677 3397 793 3459 Erinnys,
820 3409 873 3445 aon
918 3393 966 3445 hus
985 3399 1153 3463 tractaverit,
1168 3409 1207 3449 cst
1225 3398 1296 3451 fictio
1314 3399 1437 3469 metica,

365 3477 461 3536 Faria,
478 3475 524 3529 aed
542 3477 615 3527 furor
634 3474 746 3536 amoris,
764 3477 873 3524 carmine
917 3489 970 3526 non
978 3477 1057 3529 nimii
1067 3478 1221 3548 premenda.
1233 3480 1354 3538 inirem
1365 3480 1436 3540 632,

364 3575 428 3606 acac
450 3571 514 3606 rocos
532 3557 608 3606 amicir
621 3555 728 3623 figitque
744 3569 789 3618 per
805 3565 873 3602 anus
917 3551 1042 3624 abigaiea
1053 3556 1105 3608 viar
1122 3575 1197 3610 suam
1216 3560 1324 3620 exserit,
1342 3561 1437 3608 Tarra-

366 3637 503 3695 AErcaidcr,
518 3646 602 3688 totum
617 3647 728 3700 corpus,
744 3625 872 3692 membra,
916 3649 957 3680 reo
971 3651 1065 3685 veneno
1080 3639 1172 3700 insecta
1183 3637 1289 3688 dicitur.

363 3732 421 3766 οιιιι
436 3725 462 3765 et
473 3712 601 3766 meduiias
613 3709 772 3763 incantando
784 3727 872 3766 corto·
952 3715 1013 3780 469.
1025 3719 1098 3764 Hane
1105 3719 1166 3782 jace
1173 3735 1221 3783 per
1228 3718 1321 3765 medias
1329 3733 1434 3774 messes,

362 3795 541 3856 hornimera
556 3807 652 3859 septena
664 3793 875 3855 mimaarcserrar
916 3801 1030 3860 segetem
1052 3793 1214 3857 Cadmeam,
1233 3809 1292 3865 qua
1309 3795 1436 3864 protinus

357 3868 768 3941 pereiyp‘ean,septies,qaoin
782 3880 873 3919 nume-
917 3869 1032 3922 furorem
1061 3872 1088 3922 in
1116 3879 1143 3924 se
1167 3872 1251 3942 ipsam
1274 3883 1434 3938 οοιιιιιιεις

359 3963 392 4002 ιιι·
408 3952 462 4004 rior
479 3951 595 4021 aliquam
614 3965 670 3999 caso
688 3945 871 4008 crediderunt,
915 3959 991 4014 atque
1012 3951 1062 4016 r‘pse
1075 3953 1198 4016 fremens,
1230 3951 1268 4002 ira
1294 3950 1434 4022 percitus,

361 4029 433 4082 tenui
441 4047 506 4083 vooe
517 4031 641 4100 clypeum
650 4040 698 4096 per
707 4041 799 4076 omnes
810 4043 869 4094 par·
915 4029 1052 4088 mirabitur,
1064 4041 1214 4099 suspectam
1227 4029 1347 4090 habebit,
1356 4059 1393 4069 -
1407 4047 1436 4080 re

360 4117 398 4160 tu
414 4119 548 4162 consecret
558 4125 566 4170 ς
575 4107 711 4176 grauiorem
731 4105 812 4153 reddit
822 4107 866 4153 du·
912 4109 1251 4176 merespicieesbrtassepater.
1259 4109 1436 4161 Eximiemte·

359 4199 434 4244 seam,
449 4185 555 4255 pendas
570 4184 652 4238 addit.
910 4183 960 4236 rito
977 4185 1047 4237 enim
1061 4197 1165 4239 veretur
1175 4186 1282 4254 Medea,
1300 4197 1329 4238 ut
1346 4181 1434 4258 pa'tris

394 4265 569 4330 infidamque
588 4267 627 4314 sai
648 4266 722 4314 taetris
748 4265 863 4330 languent
907 4262 1024 4326 ruitum,
1037 4265 1056 4316 si
1065 4276 1120 4316 turn
1135 4267 1202 4317 forte
1212 4265 1245 4317 ad
1256 4285 1283 4316 se
1291 4265 1432 4336 respiciet,
