3124 5132
262 505 322 610 C.
365 509 682 614 VALERII
738 504 1010 631 Flnccl

419 773 633 856 SETINI
671 777 854 858 BALBI

219 995 1044 1134 nneonnurrcon·
1117 929 1120 935 ’

405 1293 587 1372 LIBER
627 1296 873 1380 SEXTUS.

438 1549 829 1584 -κώομ

333 1745 581 1815 ANALYSIS
612 1748 751 1816 LIBRI
781 1751 939 1818 SEXTI.

106 1912 214 1991 Reliqui
229 1912 271 1971 dii
290 1912 411 1990 deaeque
427 1912 542 1991 placido
558 1933 620 1972 sese
635 1913 777 1973 dederant
791 1935 909 1988 somu03
927 1917 1005 1977 solus
1021 1922 1099 1976 Mars
1120 1921 1166 1978 ui-

140 2005 181 2062 hil
193 2004 232 2064 ab
245 2006 292 2064 ira
305 2005 461 2076 remittens,
474 2005 511 2064 de
521 2003 600 2064 bello
608 2007 728 2084 cogitat,
740 2005 861 2086 diuque,
873 2008 931 2067 utri
944 2012 1020 2088 parti
1033 2009 1166 2080 accedat,

139 2097 263 2169 dubius,
281 2098 398 2156 tandem
414 2103 508 2156 Persae
523 2098 695 2177 scythisque
709 2113 810 2159 contra
825 2106 927 2160 AEeteu
943 2115 972 2160 et
985 2108 1165 2182 Argonautas

140 2194 280 2271 opitulari
294 2193 451 2252 constituit
463 2196 587 2252 Currum
600 2193 688 2271 igitur
701 2193 778 2252 illico
792 2193 847 2252 hac
858 2194 920 2272 ipsa
933 2209 1019 2254 nocte
1031 2215 1166 2254 conscen-

138 2285 196 2358 dit,
212 2286 250 2344 ad
267 2299 362 2346 castra
376 2285 550 2364 Scytharum
563 2287 655 2358 venit,
671 2299 700 2346 et
716 2285 752 2344 ad
769 2305 849 2345 arma
865 2306 965 2346 ornnes
981 2307 1017 2346 eo
1032 2289 1165 2367 inprimis

138 2379 280 2450 concitat,
289 2378 370 2457 quod
383 2379 495 2450 Iasoni,
506 2391 539 2437 ut
552 2380 583 2438 ln
594 2377 664 2438 belli
677 2379 843 2439 societatem
854 2381 981 2453 veniret,
997 2381 1165 2440 fraudulen-

139 2483 183 2528 ter
196 2493 251 2530 rex
261 2477 359 2532 AEetes
372 2471 561 2550 persuaserit,
580 2474 659 2530 1-13.
676 2470 763 2546 Quod
778 2478 868 2533 AEette
882 2473 1033 2534 consilium
1049 2485 1083 2532 ut
1095 2475 1165 2532 irri-

139 2577 200 2623 tum
216 2565 305 2624 iaciat
318 2569 433 2638 Perses,
447 2565 535 2624 mittit
550 2564 587 2622 ad
602 2571 752 2638 Iasonem,
770 2566 837 2644 qui,
855 2579 1035 2644 quantopere
1051 2566 1113 2644 ipse
1127 2566 1165 2624 de

137 2657 282 2718 tradendo
295 2659 402 2718 vellere
417 2657 594 2718 laboraverit
607 2657 722 2738 (vidV,
738 2658 903 2738 aba-278),
918 2678 1011 2737 eoque
1027 2659 1099 2717 iram
1115 2679 1165 2716 re-

136 2753 179 2830 gis
199 2753 232 2809 in
254 2771 287 2810 se
306 2752 508 2822 concitaverit,
527 2763 692 2822 monerent,
710 2763 740 2808 et
759 2754 788 2809 in
807 2771 872 2809 suas
891 2763 987 2829 partes
1007 2749 1164 2809 traherent.

134 2843 278 2903 Mandata
293 2864 430 2922 peragere
444 2844 529 2922 legati
543 2855 706 2921 nequeunt,
722 2863 788 2901 nam
803 2842 838 2901 ad
853 2844 948 2922 ipsum
961 2843 1101 2925 orientem
1114 2863 1165 2902 ao-

134 2936 192 2994 lem
203 2938 320 3015 agmina
329 2940 408 2995 Mars
420 2936 573 2995 committit
583 2936 742 3013 utrimque,
755 2937 854 3004 14-32.
868 2939 957 2994 Poeta
969 2935 1063 3013 prius,
1075 2956 1164 3014 qunm

132 3029 271 3106 praelium
290 3029 386 3107 ipsum
400 3026 560 3100 describat,
581 3039 679 3104 gentes
696 3026 842 3106 ducesque
857 3040 1008 3086 enumerat
1023 3029 1164 3106 insignio-

132 3141 198 3194 res,
215 3133 246 3179 et
260 3122 357 3198 primo
370 3120 487 3198 quidem
501 3119 665 3198 Scythrcos,
682 3120 806 3192 33-170.
828 3123 851 3177 Ι.
867 3119 1005 3194 Anausis,
1022 3139 1072 3178 rex
1089 3120 1162 3179 Ala-

131 3233 243 3272 norum
253 3228 284 3272 et
292 3212 524 3285 Heniochorum,
533 3211 661 3270 infensus
671 3231 721 3284 eo,
730 3210 810 3290 quod
819 3210 924 3270 Medea
934 3212 989 3289 ipsi
999 3210 1068 3269 olim
1079 3226 1163 3289 pacta

134 3307 247 3376 iuerat,
263 3313 366 3378 41-47.
377 3309 416 3364 II.
428 3305 564 3376 Colaxes,
579 3303 639 3364 dux
653 3305 837 3377 Bisaltarum,
850 3304 925 3362 filius
938 3305 1019 3362 Iovis
1033 3323 1070 3362 ex
1082 3323 1164 3381 nym-

133 3399 193 3476 pha
202 3397 355 3476 Scythica,
372 3397 467 3475 48-59.
480 3401 534 3457 III.
544 3397 678 3470 Auchus,
690 3393 749 3454 dux
762 3396 996 3466 cimmeriorum,
1006 3395 1099 3454 onnes
1111 3396 1166 3453 tri-

132 3491 203 3568 plici
224 3487 304 3548 nodo
318 3489 490 3547 constrictos
508 3489 536 3547 iu
551 3489 661 3547 vertice
681 3507 798 3564 gerens,
819 3489 924 3557 60-64.
945 3492 995 3547 IV.
1013 3485 1164 3559 Datbis,a

132 3603 203 3660 rege
218 3603 274 3640 suo
288 3587 404 3660 Darape
422 3580 483 3640 dux
498 3582 616 3653 missus,
630 3579 684 3640 sub
699 3580 786 3659 signia
800 3578 889 3638 habet
902 3580 1094 3659 Gangaridas,
1111 3599 1163 3639 ac-

3 3679 4 3750 ,
132 3676 273 3753 colasque
294 3676 377 3734 fluvii
395 3680 507 3752 Geryos
527 3675 664 3754 lacusque
686 3674 785 3742 Ilices,
800 3673 903 3731 65-68.
916 3675 1029 3733 v-v11.
1044 3679 1162 3746 Anxur,

130 3765 304 3838 Ilhodalus,
321 3766 437 3844 Sydon,
458 3768 506 3845 69.
518 3771 599 3827 VIII.
620 3767 753 3845 Phryxus'
773 3765 811 3825 ab
830 3765 954 3826 Acesina
971 3765 1062 3824 fluvio
1082 3766 1162 3826 ducit

4 3843 5 3864 ¹
131 3879 253 3939 agmen,
268 3858 347 3938 quod
362 3879 478 3918 cervum
491 3859 579 3919 habet
592 3878 648 3938 pro
663 3860 745 3938 siguo
756 3859 889 3931 militari,
902 3859 1007 3931 70-73.
1022 3861 1076 3918 1x.
1090 3863 1162 3934 Sye-

4 3961 5 4020 ]
130 3973 206 4017 nes,
223 3949 282 4009 dux
299 3952 394 4030 gentis
413 3954 532 4030 Hylaeae,
549 3971 615 4030 qnae
635 3952 720 4009 silvas
738 3951 808 4009 colit
825 3950 1044 4021 nnoenissimas,
1059 3950 1160 4020 74-78.

131 4047 171 4102 X.
187 4044 289 4120 Cyris,
309 4042 370 4102 dux
384 4046 599 4118 Hyrcanorum,
619 4063 666 4120 79.
680 4047 735 4102 xl.
755 4043 911 4115 Coraletae,
927 4043 957 4100 iu
970 4039 1161 4119 plaustrisri-

4 4179 5 4184 κ
70 4131 78 4152 “
133 4149 249 4205 rentes,
265 4135 368 4193 iio-83.
388 4137 543 4196 XII-XIV.
559 4141 644 4214 Tyrae
659 4136 740 4194 fluvii
759 4135 882 4206 accolae,
908 4148 937 4193 et
957 4153 1030 4212 quos
1046 4134 1162 4192 miserat

130 4225 284 4284 Ambenus
305 4245 389 4284 mons
411 4239 441 4286 et
462 4226 531 4286 urbs
550 4229 700 4306 Ophiusa,
717 4229 771 4300 tt,
786 4227 833 4286 85.
851 4231 917 4288 XV.
936 4224 1034 4297 Sindi,
1049 4226 1160 4284 servilis
