3150 5126
528 469 894 534 Anoouuurrcs.
1178 467 1241 556 289
1295 497 1300 502 -

215 602 390 694 Fmgiierae
405 623 560 691 quercum
578 617 650 666 tum
668 617 771 664 restes
789 599 928 688 desuper
942 598 1063 687 amplas

215 717 339 782 Ordine
354 716 540 805 composui,
557 715 606 780 dis
625 715 848 780 convenientia
864 713 961 780 dona.

215 832 312 896 Tunc
327 854 460 922 quoque
476 832 604 921 mugitu
617 845 821 920 praestantem
836 832 868 894 et
884 830 1003 894 robore
1019 844 1150 894 taurum

216 947 403 1029 Viventcm,
419 945 460 1012 ad
476 969 611 1036 superos
629 945 710 1012 dura
729 946 852 1012 cervice
868 943 997 1021 reflexa,

215 1061 329 1126 Occidi
344 1061 510 1152 jugulans:
528 1062 650 1156 circum
667 1081 765 1126 eruor
779 1059 925 1148 undique
939 1076 1066 1140 manat,
1199 1080 1237 1122 us

215 1175 362 1265 Imposui
378 1198 478 1264 super
493 1193 526 1240 et
541 1175 748 1264 confringens
761 1173 859 1238 corula
875 1173 1046 1264 placentis,

215 1293 286 1356 Una
303 1293 382 1357 oleae
396 1291 499 1357 libans
514 1315 604 1382 agnat
622 1314 697 1356 oum
716 1293 795 1356 lacte
812 1290 984 1378 liquorem.

216 1407 311 1470 Tunc
328 1405 410 1484 jussi
427 1404 526 1470 densa
541 1426 690 1494 proceres
705 1403 830 1468 adstare
846 1425 984 1485 ocrem,

215 1520 444 1610 Agglomerare
461 1541 572 1601 enses,
591 1516 725 1608 infigere
742 1519 803 1582 tela
817 1515 971 1596 juvenco,
1041 1587 1046 1600 ‚

215 1633 409 1722 Visceraque
428 1633 590 1723 et'pellem
606 1632 685 1698 nixu
701 1630 887 1721 transfigere
903 1631 1041 1716 deutrae3
1199 1646 1238 1686 ³¹·

216 1748 254 1812 In
271 1747 379 1812 medio
394 1749 536 1836 patulam
554 1748 693 1814 collectis
710 1747 862 1812 omnibus
879 1769 994 1811 urnam

214 1861 487 1944 Constitui;.inde
506 1884 605 1927 manu
623 1862 834 1926 commiscens
851 1863 961 1926 omnia
978 1861 1094 1944 docta,

214 1978 364 2068 Inprimis
382 1977 526 2066 adipem,
543 1977 673 2044 cerealia
688 1977 774 2043 dona
791 1977 918 2058 farinae,

215 2094 258 2157 Et
270 2093 368 2157 salsos
382 2075 483 2182 pelagi
500 2089 637 2175 fluctus,
655 2093 804 2182 taurique
824 2115 992 2174 cruorem,

214 2205 296 2272 Inde
312 2224 483 2272 coronatos
503 2208 581 2272 oleis
597 2206 639 2271 ad
654 2229 741 2272 sacra
757 2207 884 2290 vocavi,
938 2253 940 2258 .
1196 2227 1234 2268 ω

213 2323 286 2412 Ipse
303 2324 382 2388 meis
397 2322 536 2414 phialam
553 2323 703 2388 manibus
722 2322 734 2410 (
743 2323 806 2386 fuit
821 2322 937 2411 aurea)
954 2345 1085 2387 sumens

214 2437 348 2525 Implevi
362 2436 470 2499 mixtis
492 2437 612 2524 epulis,
629 2452 727 2523 atque
742 2433 857 2500 ordine
873 2435 990 2523 cuique

214 2552 358 2616 Heroum
376 2565 505 2640 gustare
520 2548 597 2614 dedi
611 2549 729 2614 rirmte
748 2547 940 2636 potentum,

213 2665 256 2729 Et
271 2664 350 2753 picis
368 2666 486 2730 arentis
502 2663 675 2728 immittere
693 2663 838 2752 lampada
852 2663 932 2741 jussi

212 2778 347 2870 Ignibus
364 2777 542 2844 AEsoniden
557 2801 565 2842 ι
582 2777 660 2842 facis
676 2778 789 2866 ingens
806 2776 932 2840 flamma
948 2795 1104 2844 coruscat.
1193 2799 1232 2839 ssa

212 2893 395 2959 Extendens
421 2909 489 2957 turn
506 2891 623 2958 deinde
637 2913 751 2956 manus
765 2891 944 2956 resonantis
960 2891 1002 2956 ad
1018 2893 1120 2958 undas

210 3324 295 3390 «Sed
313 3348 394 3390 voco
414 3341 445 3390 te
460 3325 602 3414 primum
618 3326 778 3390 seniorem
795 3327 898 3390 Nerea
916 3325 1060 3407 cunctis,

212 3439 289 3523 Quo
306 3456 396 3528 patre
413 3443 562 3504 formosae
578 3455 655 3502 sunt
673 3439 905 3528 quinquaginta
921 3441 1055 3528 puellas,

210 3555 253 3621 Et
267 3555 411 3644 glaucam
427 3554 550 3618 Phocus
567 3575 639 3642 quse
656 3555 797 3641 concipit
809 3555 1043 3642 Amphitriten,

210 3671 390 3758 Proteaque
407 3686 439 3734 et
454 3669 637 3749 Phorcum‚
654 3685 687 3733 et
702 3669 764 3732 late
779 3669 914 3732 Tritona
929 3686 1116 3752 sonantem,
1193 3689 1230 3729 ³³⁵

211 3786 253 3849 Et
270 3786 387 3850 celeres
408 3799 541 3865 ventos,
555 3784 674 3871 quibus
689 3806 784 3848 aurea
796 3782 943 3872 jungitur
957 3807 1053 3865 arira,

210 3899 450 3989 splendidaque
460 3915 542 3963 astra
553 3901 677 3987 procul,
690 3899 837 3962 tenebras
849 3920 979 3987 quoque
993 3900 1096 3963 noctis
1106 3923 1228 3988 opacae,

209 4015 344 4102 Praeque
361 4015 476 4080 ducem
496 4014 633 4106 pedibus
648 4014 807 4102 fulgorem
828 4013 909 4078 Solis
924 4037 1099 4102 equomm‚

211 4129 382 4194 Daemonas
399 4131 582 4220 amplexus,
599 4127 747 4194 heroidas
763 4151 868 4216 usque
885 4129 1041 4209 murinas,

252 4225 301 4308 7ΙΙ.
1065 4265 1102 4328 ¹9
