3150 5126
468 499 904 568 nacontu'rsnum
984 473 998 590 j
1148 505 1211 606 ³⁴⁹

154 638 261 688 narrat
271 670 280 705 ,
292 621 350 686 ubi
366 619 474 686 multis
488 621 713 711 cognationem
727 635 759 684 et
775 619 892 684 similes
904 640 1010 682 mores
1023 620 1107 684 inter
1117 622 1213 688 'Phes-

153 731 237 794 salos
263 743 297 792 et
313 728 484 792 Armenios
508 727 632 817 probat.
649 728 830 791 Armeniam
854 741 961 789 tamen
984 743 1076 790 vocat
1098 727 1212 792 eodem

153 835 255 909 libro,
286 855 359 923 pag.
392 831 473 913 503,
500 832 558 896 ubi
585 832 793 924 casaubonus
825 832 1012 894 Armenium
1044 830 1215 897 Thessaliae

152 940 288 1020 urbem,
305 939 485 1003 Ormcttium
500 937 623 1018 vocari,
636 936 692 1003 lib.
705 937 769 1016 IX,
780 959 814 1024 p.
827 935 906 1017 438,
922 951 1028 1018 notat3
1044 935 1129 1001 idem
1147 939 1214 1002 lere

152 1045 252 1112 tradit
272 1043 459 1108 Eustathius
477 1042 517 1108 ad
537 1043 671 1131 Dionys.
692 1043 814 1131 Perieg.
831 1063 912 1104 vers.
937 1040 1020 1126 694,
1040 1043 1102 1106 nisi
1125 1043 1215 1130 quod

151 1149 268 1230 addat,
288 1150 366 1214 alios
394 1148 483 1212 hunc
497 1150 679 1212 Armenium
697 1146 862 1211 Rhodium
884 1145 1006 1211 fecisse.
1027 1146 1114 1212 Nihil
1132 1172 1213 1237 prae-

152 1273 241 1352 terea
260 1253 380 1320 dehoc
396 1254 536 1318 obscuro
551 1252 651 1317 heroe
668 1252 750 1316 mihi
769 1267 905 1316 constat.

195 1483 476 1551 ASCALAPHUS.
499 1483 595 1546 Hunc
619 1482 834 1571 Apollodorus
863 1482 895 1545 in
920 1483 1098 1571 catalogum
1116 1505 1214 1568 suunt

153 1590 281 1672 retulit,
295 1611 370 1652 cum
384 1589 482 1652 fratre
500 1587 656 1668 hulmedo,
672 1586 745 1652 vide
765 1609 862 1674 supra
879 1587 912 1650 in
924 1588 1074 1664 Alnralo;
1091 1589 1147 1652 ubi
1162 1611 1214 1652 er-

155 1717 262 1759 rorem
279 1715 348 1760 csse
361 1692 579 1774 ostendimus,
591 1709 625 1756 et
638 1691 709 1756 illos
722 1691 863 1771 Trojano
880 1691 965 1756 bello
978 1693 1159 1756 interfuisse
1175 1715 1215 1758 ex
1283 1753 1292 1760 .

155 1798 289 1864 Homeri
305 1798 340 1862 ll.
352 1798 394 1879 ll,
415 1795 489 1878 516,
501 1794 682 1860 docuimus.
692 1797 844 1860 Diversus
856 1818 935 1876 vero
949 1796 1003 1860 hic
1015 1798 1215 1884 Ascalaphus

155 1906 268 1970 Martis
286 1903 388 1984 fitius,
407 1903 447 1966 ab
459 1901 651 1991 Ascalapho,
668 1901 855 1966 Acherontis
877 1917 909 1964 et
929 1900 1055 1990 Orphes
1075 1901 1157 1983 filio,
1174 1900 1215 1966 de

154 2033 222 2098 quo
240 2009 379 2074 vidimus
398 2007 439 2074 ad
456 2005 549 2072 Orid.
571 2008 649 2072 Met.
668 2009 709 2084 V,
733 2005 806 2094 539.

199 2225 446 2308 ASCLEPIUS,
470 2225 625 2313 Apollinis
648 2241 680 2290 et
695 2224 866 2290 Coronidis
888 2224 990 2307 filius,
1015 2228 1071 2314 qui
1095 2227 1215 2292 latinis
1352 2213 1355 2220 Δ

154 2331 355 2421 AEsculapius
370 2329 498 2412 dicitur,
519 2331 579 2394 soli
593 2330 722 2420 Hygino
738 2331 823 2395 inter
838 2332 1037 2421 Argonautas
1055 2355 1214 2398 memora·

153 2452 218 2502 tus.
245 2437 393 2502 Clemens
416 2453 524 2500 tamen
543 2434 715 2499 Alexandr.
736 2435 887 2500 Stromat.
908 2435 963 2500 lib.
976 2439 1008 2518 1,
1032 2460 1103 2526 pag.
1130 2437 1214 2520 325,

155 2541 338 2630 Asclepium
365 2555 398 2605 et
420 2540 593 2604 Dioscuros
617 2541 713 2602 etiam
732 2560 807 2602 cum
832 2540 947 2603 Iasone
972 2541 1150 2628 navigasse,
1176 2566 1217 2607 ex

154 2647 327 2736 Apollonio
344 2643 473 2709 Rhodio
489 2658 613 2724 narrat3
630 2666 772 2733 nuperus
785 2665 862 2707 vero
875 2644 909 2706 in
920 2645 1031 2732 Anglia
1044 2647 1216 2712 Clementis

155 2751 262 2816 editor
279 2773 339 2816 nos
354 2750 489 2814 remittit
507 2749 547 2813 ad
559 2748 615 2813 lib.
630 2751 661 2830 I,
675 2771 756 2814 vers.
776 2748 847 2830 146,
860 2748 917 2811 ubi
933 2747 1064 2836 quidem
1081 2752 1217 2826 Dioscu-

156 2879 268 2921 rorum
281 2855 317 2920 fit
329 2855 470 2935 mentio,
483 2853 539 2918 sed
555 2854 660 2936 nulla,
673 2853 762 2941 quod
775 2853 889 2936 sciam,
905 2854 938 2916 in
945 2869 1022 2918 toto
1032 2855 1215 2944 Apollonio,

155 2960 293 3050 Asclepii
318 2963 530 3050 Argonautae;
553 2958 626 3022 ideo
652 2959 766 3022 vellem
789 2958 898 3022 locum
919 2959 1014 3022 nobis
1037 2961 1216 3026 accuratius

155 3066 380 3132 demonstrari.
395 3068 444 3130 De
457 3063 601 3152 Asclepio
614 3086 691 3128 vcro
706 3063 756 3128 vel
771 3062 954 3154 AEsculopio
962 3111 973 3144 ,
990 3089 1094 3153 quum
1107 3069 1216 3132 omnia

156 3173 222 3236 sint
239 3171 351 3252 obvia,
368 3187 400 3235 et
416 3191 611 3236 eum-nemo
633 3185 750 3258 praeter
767 3169 931 3259 Hyginum
945 3170 1137 3236 adnumeret
1156 3176 1216 3238 Ar·

156 3276 324 3366 gonautis,
342 3275 395 3340 hic
408 3275 556 3364 pluribus
576 3297 644 3338 nou
661 3295 803 3363 agemus.
821 3273 934 3338 Obiter
946 3291 1071 3340 tantum
1089 3277 1217 3342 notabi-

157 3403 247 3460 mus,
258 3381 364 3467 ipsum
375 3378 539 3467 Hyginum
549 3425 557 3458 ,
567 3375 621 3441 hic
635 3376 735 3441 filiurn
748 3376 919 3441 Coronidis
931 3378 1046 3471 facere,
1054 3395 1087 3443 et
1097 3396 1216 3462 tamen,

156 3485 221 3548 fab.
244 3506 304 3571 97,
333 3482 516 3546 Machaona
546 3479 648 3545 tilium
670 3480 844 3568 AEaculapii
871 3503 909 3544 ex
936 3483 1097 3548 Coronide
1123 3485 1218 3549 etiam

156 3605 271 3654 natum
290 3587 467 3669 affirmare3
487 3586 545 3651 ubi
559 3586 632 3650 vide
645 3585 796 3650 Munlteri
815 3602 927 3669 notas,
948 3603 981 3652 et
1001 3587 1042 3654 ad
1062 3590 1218 3673 lab.161,

156 3711 190 3760 et
208 3715 281 3782 quae
296 3715 357 3758 nos
373 3691 414 3757 ad
429 3691 537 3756 Ovidii
552 3692 630 3756 Met.
642 3691 690 3771 lI,
709 3689 789 3776 569,
801 3689 842 3754 de
857 3708 959 3756 matre
972 3693 1146 3781 AEsculapii
1160 3694 1217 3758 ad·

156 3800 327 3879 duximus,
343 3815 375 3862 et
389 3821 461 3886 quae
477 3797 529 3861 alii
540 3795 581 3860 ad
593 3797 665 3876 XV,
679 3797 754 3872 624.

201 3974 436 4102 ASTElllON,
451 4021 603 4085 omnibus
619 4035 817 4084 memoratus
828 4021 1056 4108 scriptoribns3
1068 4023 1218 4112 Orpheo,

155 4149 239 4192 vers.
258 4125 330 4206 1313
342 4125 533 4213 Apollonio,
551 4122 658 4206 1‚35;
678 4124 782 4187 Valer.
797 4124 927 4207 Flacco,
942 4127 974 4206 1,
994 4125 1073 4208 3563
1087 4128 1218 4214 Apollo·

156 4231 257 4311 doro,
271 4230 328 4295 lib.
341 4232 367 4310 l,
377 4251 446 4327 cap.
463 4253 501 4316 9,
513 4229 569 4293 ubi
584 4244 736 4314 corrupte
745 4229 862 4307 lonicus
875 4244 1017 4294 vocatur.
1027 4231 1125 4296 Filius
1138 4231 1219 4296 dici·
