3192 5138
360 567 426 636 236
506 568 594 634 1²10
623 569 880 654 AUCTORE,
902 571 1277 640 SUPPLEMENTA

400 703 548 768 Desiocat
565 703 634 768 laeri
647 705 791 770 romntia
809 704 933 770 lumina
948 708 1062 796 peplo,

398 820 515 884 Donec
528 819 708 884 Iolchiaeus
722 811 897 886 deflentem
912 823 1044 888 smnus
1059 823 1173 901 heros,

399 934 441 998 Et
457 933 611 1016 juvenem
633 934 807 1000 comitatus
830 957 940 1020 amor3
956 937 1094 1004 sundere
1110 938 1247 1004 dotem

394 1047 580 1138 Incipiunt,
607 1048 793 1138 blandoque
810 1051 919 1116 levam
935 1073 1086 1118 sermone
1100 1067 1294 1143 gementem.
1387 1085 1427 1111 ιο

441 1163 517 1230 Non
536 1165 623 1230 lovis
643 1187 781 1232 uxorem
797 1167 963 1232 lamentat
974 1168 1053 1233 ista:
1067 1166 1126 1232 sed
1141 1166 1202 1232 Iris

397 1278 515 1343 Omnia
530 1279 689 1370 pmdixit.
705 1283 792 1347 luno
808 1282 1049 1349 Thaumantida
1064 1283 1172 1348 verbis

395 1391 527 1458 Talibus
542 1394 730 1483 alloquitur,
741 1417 811 1484 pm
828 1395 910 1461 coris
924 1398 1020 1462 anxia
1034 1396 1155 1463 Graiis:

395 1507 541 1574 «Labore
557 1509 703 1599 nympha
717 1511 815 1600 polo,
835 1512 1021 1600 pernicibus
1036 1513 1134 1578 incita
1149 1511 1283 1600 penoim

393 1625 435 1688 Et
449 1645 563 1688 canam
580 1647 755 1714 properare
768 1626 888 1692 Thetin
907 1627 969 1692 sub
984 1642 1094 1694 noso-a
1110 1623 1242 1690 marinis

392 1739 491 1803 Tecta
506 1737 587 1819 jube
604 1739 735 1804 latebris
750 1739 943 1806 redeuntem
960 1757 994 1806 et
1006 1741 1134 1830 gurgite
1146 1739 1188 1804 ab
1202 1742 1279 1807 imo.

300 1829 302 1833 ,
393 1853 467 1916 Sola
483 1853 564 1918 meis
580 1853 735 1942 prodesse
753 1871 862 1944 potest
875 1855 991 1920 Nereia
1006 1855 1124 1920 nautis.

390 1968 515 2032 Rursus
539 1969 573 2032 in
596 1969 739 2059 oequorei
754 1967 903 2034 deflectas
923 1970 1019 2034 litora
1034 1969 1127 2058 ponti
1144 1993 1151 2034 :

392 2082 518 2146 Haereat
529 2083 719 2173 Ignipotens
736 2084 851 2166 facito,
869 2084 926 2172 qui
944 2083 1064 2150 incude
1079 2107 1199 2148 sonora

390 2195 539 2262 Nudatos
554 2198 726 2278 humeros,
743 2215 917 2286 exertaque
934 2199 1064 2264 brachia
1081 2199 1181 2282 tollit,

393 2312 481 2377 Dum
501 2310 587 2376 cadit
604 2313 731 2378 alterno
750 2301 894 2378 vibratus
908 2313 1042 2392 malleus
1058 2313 1145 2398 ictu,

389 2424 526 2489 Ventosi
542 2443 669 2491 cessent
685 2426 796 2509 folles,
814 2425 895 2492 mun
910 2427 1086 2492 transvolat
1102 2431 1201 2518 Argo.

388 2541 544 2605 Proeterea
566 2539 794 2630 Hippotaden,
815 2542 920 2607 ventis
935 2543 994 2630 qui
1010 2543 1082 2622 jum
1095 2544 1261 2632 superbis,

386 2657 427 2719 Et
442 2655 530 2745 leges
547 2656 691 2746 praebere
706 2655 1097 2739 solet,celer1risadito,

386 2771 445 2835 Cui
462 2787 581 2835 nostrae
596 2787 721 2861 retegas
737 2794 852 2836 arcana
866 2772 993 2836 silentia
1011 2772 1153 2855 mentis,

385 2887 499 2951 Flahra
515 2909 613 2950 mone
632 2903 777 2965 cessent,
792 2885 913 2974 quibus
927 2908 1000 2950 aere
1018 2907 1101 2974 saepe
1115 2885 1228 2974 quieto

385 3001 553 3065 Fluctibus
569 3001 706 3082 alterne,
730 2999 863 3064 tumidis
877 3002 959 3064 freta
972 2999 1101 3064 concita
1114 3015 1249 3090 surgant

385 3111 573 3194 Fluctibus,
593 3129 632 3176 ut
649 3113 754 3176 mollis
770 3114 870 3201 spiret
885 3114 964 3178 levis
984 3135 1063 3178 aura
1078 3115 1219 3195 Favoni,

384 3225 499 3290 Donec
515 3225 557 3290 ad
574 3227 749 3291 Alcinoum
767 3229 919 3307 veniant,
938 3227 1171 3316 Phaeacidaque
1190 3252 1317 3294 oram».

433 3341 608 3427 Postquam
626 3340 723 3406 effata
738 3340 797 3407 deo
811 3359 873 3424 est,
889 3365 1020 3407 summo
1030 3344 1115 3408 volat
1128 3343 1188 3408 lris
1200 3345 1362 3433 Olympo,
1377 3364 1416 3401 που

385 3455 571 3520 Praeradens
590 3473 740 3521 tenerum
758 3458 925 3522 velocibus
942 3481 1014 3522 acra
1029 3457 1156 3545 pennis.

384 3572 491 3652 Quam
507 3571 581 3636 laeto
600 3571 781 3636 adstantem
802 3574 928 3662 gremio
947 3595 1048 3661 vagus
1064 3572 1185 3660 excipit
1199 3571 1307 3661 AEgon

383 3683 561 3748 Nereidum
582 3686 617 3748 in
637 3685 803 3768 thalamis,
824 3687 883 3751 uhi
897 3686 1018 3751 blando
1033 3687 1192 3774 compulit
1208 3687 1268 3750 lris

382 3797 433 3862 Ad
446 3798 613 3865 dominam
626 3823 777 3866 sermone
792 3801 911 3865 Thetin
926 3823 1100 3890 properare
1114 3799 1300 3866 verendam.

381 3910 564 3977 Vulcanum
583 3937 659 3978 mox
674 3932 759 3980 stare
774 3915 885 3997 jubet,
903 3916 1127 4002 Vulcaniaque
1144 3939 1242 3982 armo.
1375 3939 1411 3978 ³0⁵

381 4021 521 4090 AEoliam
536 4027 611 4092 dein
626 4051 737 4110 versa,
752 4052 885 4117 specum
900 4031 1096 4117 penetravit,
1111 4047 1143 4094 et
1157 4055 1251 4096 auras

381 4139 597 4228 Compressit,
617 4167 657 4206 ne
671 4143 804 4207 adversa
818 4160 920 4208 ratem
935 4146 982 4210 vis
997 4147 1123 4210 auferat
1136 4147 1226 4211 Euri.

381 4251 507 4318 interea
524 4256 668 4320 Nereum
684 4258 814 4338 Thetis,
836 4283 1067 4348 aequoreasque
1086 4283 1213 4324 sorores
