3150 5126
380 529 442 606 340
759 523 1052 588 CATALOGUS

379 649 435 738 qui
460 649 523 714 luit
541 647 638 710 frater
654 647 754 727 major
777 663 854 710 natu
877 647 989 735 Cephei
1005 663 1037 710 et
1053 645 1328 737 Amphidamantis
1337 651 1439 729 ;ride

378 759 503 820 Corum.
519 751 559 816 ad
576 751 692 816 Valerii
712 751 765 816 lib.
779 753 811 834 1,
831 751 904 840 376.
925 747 1021 815 Hunc
1036 753 1202 840 Lycurgus
1217 769 1309 841 pater
1322 777 1384 842 pro
1401 737 1438 820 se

379 861 481 941 misit,
497 857 575 922 dum
599 857 651 920 ille
668 879 777 920 curam
799 856 875 919 Alei
889 855 1005 944 patris,
1022 857 1114 920 senio
1134 857 1291 940 conlecti,
1309 877 1437 948 gereret

378 964 583 1054 (Apollon.1,
604 961 687 1048 161).
714 961 763 1025 De
788 963 856 1042 ejus
877 977 977 1025 matre
999 984 1066 1025 non
1089 979 1224 1027 constat.
1240 965 1435 1054 scholiastes

377 1069 537 1159 Apollonii
549 1068 706 1130 Antinoen
716 1081 822 1146 vocat3
832 1064 1048 1154 Apollodorus
1062 1087 1157 1148 vero,
1171 1066 1227 1132 lib.
1245 1067 1291 1131 lll
1301 1115 1311 1148 ,
1323 1091 1392 1156 cap.
1400 1093 1435 1156 9,

376 1175 432 1240 ubi
446 1173 593 1239 Callistus
605 1186 750 1260 posteros
763 1193 802 1234 ex
815 1172 892 1234 Jove
901 1187 1061 1248 recenset,
1071 1172 1219 1260 Lycurgo
1230 1171 1286 1236 dat
1298 1196 1434 1240 uxorem

377 1277 574 1368 Cleobltilen,
601 1277 666 1341 sire
693 1277 910 1362 Eurynomen,
933 1297 972 1339 cx
995 1298 1058 1364 qua
1078 1277 1144 1340 nati
1164 1280 1303 1342 Ancoeus
1320 1281 1432 1344 etalii.

375 1384 564 1450 scholiastes
583 1404 659 1445 vero
680 1381 769 1445 Statii
783 1379 823 1444 ad
841 1379 897 1445 lib.
915 1379 964 1464 V,
978 1380 1083 1446 Theb.
1105 1379 1179 1466 398,
1195 1386 1350 1446 Ancoeum
1368 1385 1432 1472 Ly·

374 1491 463 1580 curgi
480 1506 512 1553 et
527 1487 693 1552 Salamina
709 1485 810 1550 filium
826 1487 909 1550 lacit.
927 1485 1118 1568 Pausanias,
1132 1485 1187 1552 lib.
1203 1487 1300 1569 Vlll,
1317 1491 1354 1568 4,
1368 1512 1433 1554 ma-

374 1615 454 1662 trem
470 1617 536 1659 non
550 1593 713 1673 nominat,
730 1608 762 1656 ct
777 1591 923 1681 Lycurgo
937 1607 1063 1656 tantum
1084 1591 1167 1656 duos
1180 1591 1262 1657 lilios
1275 1595 1431 1660 Amnum

374 1719 405 1766 et
421 1701 580 1790 epactam
598 1698 662 1763 dat.
676 1699 735 1760 Cui
752 1697 913 1762 consentit
924 1697 1114 1760 scholiastes
1127 1697 1304 1787 Apollonii,
1321 1699 1375 1764 lib.
1397 1701 1429 1784 l,

373 1829 455 1872 rcrs.
474 1806 552 1886 164,
563 1803 622 1866 nisi
639 1800 728 1889 quotl
743 1800 795 1864 ille
807 1816 901 1864 vocet
911 1799 1046 1865 altemm
1061 1800 1162 1865 lilium
1176 1803 1360 1890 Epioclutnt.
1382 1807 1431 1870 De

375 1935 475 1976 uxore
487 1931 564 1973 vero
575 1907 713 1996 Lycurgi
725 1905 805 1969 nihil
822 1906 942 1994 reperi,
961 1907 1096 1970 varietas
1108 1907 1159 1970 illa
1168 1929 1246 1970 vero
1259 1909 1429 1974 nominum

375 2037 441 2080 non
455 2037 536 2078 nora
557 2028 624 2094 est,
637 2011 719 2075 utin
734 2011 868 2098 singulis
882 2012 948 2074 fere
962 2011 1153 2100 Argonautis
1169 2011 1360 2080 videbimus.
1373 2015 1430 2079 Sa·

374 2120 509 2200 lamina,
525 2139 622 2205 quarn
635 2115 782 2179 Lutatius
798 2113 853 2178 dat
870 2115 1018 2204 Lycurgo
1032 2137 1181 2198 uxorem,
1197 2117 1249 2180 vix
1265 2133 1345 2205 puto
1361 2141 1431 2184 esse

374 2223 471 2290 liliam
486 2223 583 2312 Asopi
599 2237 631 2286 et
643 2221 807 2308 Metopes,
825 2235 1031 2284 memoratam
1046 2242 1065 2284 a
1081 2221 1257 2286 Scholiasta
1280 2222 1430 2306 Pindari,

372 2331 411 2395 ad
428 2331 557 2418 Olymp.
578 2325 640 2406 Vl,
665 2328 726 2402 144
740 2347 748 2390 ε
760 2347 835 2388 nam
851 2325 905 2388 illa
919 2325 1073 2413 Neptuno
1084 2325 1196 2405 juncta
1219 2326 1321 2392 edidit
1348 2329 1428 2394 Cen·

372 2437 483 2516 citrea,
504 2447 585 2498 teste
600 2430 745 2496 Diodoro
760 2430 885 2511 Siculo,
899 2430 954 2494 lib.
970 2430 1025 2511 lv,
1042 2454 1075 2519 p.
1094 2453 1154 2518 ¹9⁰
1168 2431 1231 2520 (ι),
1253 2432 1309 2496 ubi
1322 2449 1428 2498 tamen

373 2541 486 2606 melius
495 2536 689 2604 scriberetur
698 2536 766 2616 ejus
776 2557 895 2599 nomen
909 2547 1031 2618 κυχρώς,
1044 2550 1223 2600 utrocatur
1232 2538 1272 2602 ab
1281 2539 1429 2626 Apollod.

372 2649 427 2712 lib.
440 2647 504 2728 llI,
515 2667 584 2734 cap.
603 2665 637 2706 ιι
651 2691 660 2724 ,
675 2651 691 2718 ς
705 2665 736 2728 7,
748 2657 780 2705 et
791 2663 810 2704 a
822 2641 986 2728 Stephano
1000 2642 1032 2704 in
1048 2655 1183 2722 uagum
1201 2659 1234 2707 et
1242 2643 1429 2708 Eustathius

371 2752 412 2818 ad
427 2753 559 2840 Dionys.
575 2771 656 2813 vers.
674 2747 735 2810 512
747 2794 756 2828 ,
768 2745 1011 2810 dicitSalnmina
1024 2745 1141 2810 dictam
1157 2761 1296 2830 κυχριίαν,
1313 2772 1430 2838 aquo·

372 2858 446 2922 dam
463 2857 619 2941 Cycltren',
640 2851 731 2931 cujus
747 2849 940 2938 Lycophron
963 2867 996 2915 et
1018 2852 1171 2916 Arrianus
1187 2854 1430 2936 meminerunt;

373 2962 544 3042 nimirum,
556 2959 607 3021 ille
617 2955 764 3020 meminit
776 2955 809 3017 in
821 2953 1011 3035 Alexandra,
1024 2969 1133 3036 κυχρῆος
1146 2965 1339 3038 sugemem.
1350 2959 1430 3040 4513

372 3067 429 3130 ubi
442 3065 515 3131 ride
528 3062 684 3142 Taetzen,
697 3077 734 3124 ut
746 3077 779 3125 et
792 3058 926 3124 advers.
945 3081 1014 3124 aro.
1026 3062 1164 3124 Antinoe
1175 3061 1318 3149 quedam
1332 3064 1430 3128 Peliae

372 3171 434 3236 lilia
451 3184 647 3234 memoratur
663 3164 811 3252 Apollod.
827 3163 881 3228 lib.
901 3165 933 3245 Ι,
950 3187 1018 3252 cap.
1036 3167 1094 3229 ult.
1107 3171 1125 3246 s
1140 3187 1199 3253 273
1220 3166 1278 3231 sed
1290 3169 1341 3232 illa
1354 3186 1430 3257 post

370 3279 456 3342 hanc
481 3271 716 3362 expeditionem
737 3272 846 3360 virgo,
872 3293 939 3332 non
963 3271 1070 3359 potuit
1095 3288 1197 3336 mater
1214 3275 1321 3338 Ancaei
1348 3299 1428 3340 essu

372 3383 487 3472 Magna
498 3401 577 3444 vero
591 3379 625 3442 in
645 3377 705 3440 hac
722 3393 810 3464 parte
824 3375 974 3464 Mythicae
993 3375 1141 3441 Historiae
1162 3379 1331 3457 confusio,
1352 3381 1429 3468 quia

371 3489 478 3578 plnres
492 3486 607 3550 Ancoei
628 3499 661 3546 et
676 3481 814 3568 Lycurgi
820 3480 1014 3544 aVeteribus
1031 3498 1271 3564 memorantur,
1285 3507 1427 3572 quorum

370 3615 453 3681 saepe
465 3591 523 3656 uni
534 3587 741 3667 adscribitur,
755 3585 844 3674 quod
857 3585 907 3648 alii
920 3583 1057 3650 debetur
1070 3609 1077 3650 :
1091 3587 1133 3652 ita
1147 3587 1254 3654 Schol.
1265 3590 1427 3676 Apollonii

368 3701 459 3764 hunc
474 3697 669 3782 Lycurgum,
689 3691 794 3755 Ancaei
814 3706 955 3778 patrem,
973 3691 1145 3756 confundit
1169 3715 1243 3756 cum
1262 3693 1406 3782 Lycurgo
1411 3704 1426 3775 ,'

367 3803 510 3869 Thraciae
526 3821 601 3888 rege
618 3795 860 3862 crudelissimo:
875 3819 948 3860 nam
963 3793 1094 3861 adducit
1108 3797 1215 3861 locum
1236 3799 1369 3864 llorneri
1386 3823 1429 3866 cx

370 3903 632 3989 1t.v1,134,ubi
654 3901 694 3965 de
713 3925 753 3965 eo
771 3901 853 3988 agit,
872 3916 902 3963 ct
921 3899 962 3965 (le
979 3922 1045 3988 quo
1061 3901 1162 3966 multa
1173 3903 1374 3984 eustathius,
1392 3921 1430 3969 et

368 4037 426 4078 nos
442 4012 566 4101 egimus
586 4008 625 4072 ad
639 4008 767 4070 Petron.
785 4028 853 4093 cap.
870 4003 929 4086 83;
946 4004 1031 4070 etad
1047 4005 1141 4071 ovid.
1156 4007 1287 4072 Metam.
1301 4009 1358 4089 tv,
1373 4013 1429 4092 πή,

401 4247 439 4314 (ι)
455 4239 507 4294 Ubi
520 4237 578 4292 ride
591 4241 727 4306 wesseling
743 4238 768 4290 in
781 4238 861 4309 hujus
875 4237 937 4292 edit.
950 4257 975 4311 p.
989 4240 1048 4292 316.
1061 4237 1147 4291 litet..
