3150 5126
463 514 881 580 ARGONAUTARUM.
1139 515 1201 594 345

144 639 207 705 Sed
232 639 319 705 Guit.
344 639 516 722 Canwnm,
538 639 594 704 lib.
614 640 644 701 V
668 639 785 703 Novar.
804 641 891 704 Leot.
920 661 1002 727 caps
1017 640 1053 724 5,
1068 641 1202 704 miratus

145 745 275 834 Orphea
301 743 423 807 nullam
441 744 554 807 Acasti
577 743 776 806 mentionem
805 742 928 822 facere,
946 743 1085 809 correxit
1113 744 1208 822 hunc

144 851 254 914 locum
272 865 305 913 et
319 847 412 937 legit,

262 975 344 1055 Ᾰυτὰρ
356 979 390 1038 tt
404 983 495 1037 notan
510 985 635 1054 Φιραὶοθνν
645 984 711 1040 ἤλυθ’
721 973 836 1042 dacaru

257 1067 409 1162 'daturin
490 1145 493 1152 Ι

143 1211 186 1274 Et
203 1230 316 1272 vocem
335 1218 466 1290 ἀγχιστεὺς
483 1223 595 1273 notare
618 1205 752 1274 affinem
766 1229 824 1270 seu
848 1229 1021 1296 generum,
1037 1223 1075 1271 ut
1099 1205 1201 1270 filium

143 1313 239 1379 Peliae
254 1313 379 1403 poetica
392 1312 518 1377 licentia
527 1327 637 1396 vocat,
650 1310 765 1377 docet:
781 1334 879 1400 quern
894 1328 1051 1399 sequutus
1064 1329 1113 1376 est
1126 1313 1202 1378 Ger.

143 1419 278 1482 Vossius
288 1417 322 1481 in
336 1418 421 1481 notis
432 1415 473 1480 ad
480 1417 643 1481 Valerium
656 1432 820 1498 nostrum,
834 1419 866 1499 1,
879 1414 952 1495 485.
964 1415 1029 1482 Sed
1042 1439 1109 1481 non
1121 1439 1204 1507 opus

145 1534 269 1605 ἁγχνστίνι
277 1519 408 1610 effrem
418 1539 475 1587 aut
480 1544 629 1609 generum
640 1537 778 1605 vertere,
793 1521 851 1585 sed
857 1525 1057 1610 proximum,
1069 1539 1107 1586 ut
1118 1521 1202 1586 filius

143 1643 232 1692 certe
244 1628 326 1716 patri
342 1627 472 1716 erat(ita
487 1623 666 1716 Hesychius
679 1618 829 1707 λγχνστιὺς,
839 1627 984 1714 σννγνννὶς);
994 1643 1027 1691 et
1039 1627 1146 1716 potuit
1159 1627 1203 1691 ita

144 1755 259 1822 capere
277 1734 443 1824 Orpheus,
463 1750 501 1799 ut
522 1734 608 1822 apud
630 1732 879 1797 Iurisconsultos
899 1755 971 1797 sum
994 1733 1108 1812 haeres,
1127 1733 1204 1820 quia

134 1831 277 1920 ’ἀγχνστιίνι
286 1838 391 1918 estius
402 1837 584 1906 hereditatis
595 1837 758 1926 legitimae,
774 1836 864 1924 quod
872 1837 1019 1927 proximo
1031 1838 1203 1926 competit,

143 1959 176 2007 et
186 1953 352 2024 ἀγχιστιὺννν,
364 1942 581 2008 hereditatem
592 1942 665 2023 jure
677 1941 830 2030 proximae
842 1942 1042 2032 cognationis
1054 1963 1204 2023 cernere,

144 2066 182 2114 ut
204 2047 317 2113 docuit
337 2047 474 2112 Budaeus
495 2049 528 2112 in
548 2047 787 2113 Commentario
808 2048 925 2113 Graecae
943 2048 1078 2137 linguae,
1092 2071 1124 2136 p.
1144 2047 1204 2129 883

145 2153 221 2220 vide
236 2172 269 2219 et
281 2153 412 2220 Suidam
428 2153 461 2219 in
474 2155 626 2237 Ᾰγχνσνιῦς,
637 2154 695 2242 qui
709 2169 816 2217 tamen
830 2154 992 2244 restringit
1005 2153 1046 2219 ad
1061 2176 1134 2235 eos,
1146 2155 1203 2242 qui

144 2271 194 2324 tat
208 2265 320 2342 ἐδαφῶν
334 2271 376 2324 καὶ
389 2270 505 2340 ἀνεψιῶν·
520 2259 576 2324 sed
591 2259 727 2324 Budaeus
742 2259 837 2322 latius
853 2259 938 2324 sumi
954 2258 1059 2325 docet.
1078 2257 1140 2324 Sed
1164 2283 1203 2324 ex

143 2364 205 2428 hac
219 2387 301 2429 voce
321 2364 401 2428 nihil
419 2365 496 2430 certi
509 2379 616 2452 potest
628 2363 669 2429 de
683 2366 799 2427 Acasto
816 2364 937 2453 colligi:
951 2385 1025 2428 nam
1043 2380 1075 2428 et
1088 2364 1203 2429 eodem

141 2470 216 2550 jure
238 2468 395 2534 Admetus
415 2471 654 2552 intersignum
676 2468 739 2533 dici
763 2484 885 2557 potest,
905 2471 962 2557 qui
986 2471 1081 2536 etiam
1105 2493 1204 2560 gener

143 2575 214 2656 ejus
226 2575 305 2657 fuit,
318 2574 414 2639 ducta
424 2573 598 2655 Alcestide‚
609 2589 640 2637 et
653 2573 710 2661 qui
726 2574 968 2639 rexPherarum
984 2591 1066 2656 erat3
1079 2575 1136 2639 sed
1150 2576 1203 2639 itte

141 2680 208 2760 jam
224 2679 265 2744 ab
289 2680 420 2768 Orpheo
445 2695 519 2744 ante
546 2695 614 2743 erat
637 2695 849 2762 memoratus3
869 2701 969 2767 quare
992 2679 1203 2767 quaerendum

143 2785 254 2850 adhuc
270 2802 352 2872 puto
367 2784 456 2848 hunc
474 2783 605 2872 Orpheo
622 2783 819 2847 intellectum
833 2785 1063 2872 Argonautam.

189 2962 350 3028 AREIUS.
373 2962 435 3026 Hie
454 2961 494 3025 ab
517 2961 663 3050 Orpheo,
678 2983 723 3025 vs.
744 2966 822 3044 ada,
835 2979 868 3026 et
887 2962 1073 3051 Apollonio,
1086 2961 1141 3026 lib.
1169 2963 1203 3044 l,

142 3096 175 3136 v.
194 3070 273 3152 118,
286 3071 425 3134 refertur
437 3069 522 3132 inter
532 3071 742 3158 Argonautas.
757 3069 889 3135 Carrion
904 3071 1012 3134 omisit
1026 3070 1058 3132 in
1074 3091 1134 3134 suo
1146 3069 1203 3133 Ca·

143 3175 253 3264 talogo
271 3197 310 3238 ex
329 3173 477 3261 Orpheo,
491 3173 589 3254 forte,
606 3174 682 3262 quia
707 3173 878 3238 crediderit
899 3183 979 3256 ἀρήϊον
996 3197 1064 3238 esse
1082 3175 1204 3264 epithe-

142 3297 204 3345 ton
217 3277 329 3359 Talar',
349 3277 405 3366 qui
423 3277 558 3341 Martius
579 3276 684 3343 dictus
707 3278 804 3342 suerit
818 3302 835 3342 a
851 3278 964 3360 Poeta,
981 3295 1018 3342 ut
1035 3282 1203 3368 saepeWHo·

142 3405 255 3449 metus
276 3383 390 3447 heroas
412 3405 488 3446 suos
512 3381 577 3446 hoc
598 3383 740 3471 epitheto
757 3401 861 3447 ornat.
882 3385 958 3448 Fuit
982 3385 1036 3449 hic
1058 3387 1155 3450 frater
1172 3403 1205 3451 et

145 3487 246 3554 Talai
258 3505 291 3551 et
309 3485 465 3565 Laodoci,
479 3487 535 3573 qui
549 3485 603 3549 filii
621 3487 710 3550 friere
722 3487 843 3551 Bz'amis
850 3535 860 3568 ,
878 3489 930 3552 ille
940 3512 1016 3553 vero
1030 3490 1205 3575 Amythao-

141 3595 211 3675 nis,
225 3593 282 3680 qui
306 3591 447 3671 Crettei;
464 3591 506 3654 ita
520 3607 557 3653 ut
571 3590 720 3657 iasonem
739 3592 921 3680 propinqua
937 3595 1108 3682 agnatione
1124 3619 1204 3659 con·

141 3698 291 3788 tigerint3
303 3696 367 3761 vid.
390 3696 557 3761 Scholiast.
575 3695 720 3784 Euripid.
745 3697 778 3760 in
803 3696 959 3762 Phoeniss.
978 3721 1059 3762 vers.
1074 3699 1155 3781 423,
1172 3716 1205 3765 et

140 3803 228 3868 infra
251 3803 284 3866 in
309 3803 422 3866 Talao.
446 3801 596 3890 Orpheus
615 3823 709 3877 vero,
723 3825 769 3865 vs.
794 3806 865 3889 ¹‘i72
880 3818 974 3866 vocat
994 3803 1199 3884 Abantiado,

141 3907 236 3997 quod
256 3923 490 3971 commentator
513 3927 655 3994 nuperus
674 3929 741 3969 non
766 3929 835 3970 esse
852 3908 1131 3995 patronymicum,
1147 3907 1203 3972 sed

142 4012 265 4102 gentile
281 4028 386 4102 putat,
409 4010 605 4100 intelligens,
621 4010 734 4088 credo,
753 4011 823 4078 ilios
847 4035 885 4076 ex
901 4029 996 4100 gente
1010 4013 1060 4077 vel
1079 4014 1201 4103 populo

143 4117 326 4184 Abantibus
339 4118 472 4181 venisse.
492 4117 631 4181 Abantes
644 4140 720 4182 vero
736 4118 826 4183 suere
840 4119 969 4183 Euboeae
985 4119 1096 4183 incolae
1107 4143 1116 4200 3
1129 4118 1201 4182 vide

144 4226 279 4290 Homer.
305 4221 393 4288 Iliad.
409 4224 455 4304 11,
476 4221 552 4305 536,
573 4239 604 4286 ct
628 4223 673 4286 ibi
696 4223 842 4290 Eustath.
869 4224 925 4290 sed
948 4225 1083 4314 Argivos
1099 4225 1202 4290 fuisse
