3220 5128
375 473 439 560 37⁴
757 473 1056 539 canaeoeus

374 617 450 660 eum
467 595 650 660 Pausanias.
669 597 832 660 Mecisceus
851 617 928 660 vero
945 597 1071 660 occisus
1087 619 1105 660 a
1121 595 1307 684 Menalippo
1322 594 1445 660 dicitur

375 701 539 764 Pausaniae
558 700 612 764 lib.
630 702 694 782 lx,
713 702 762 766 18.
784 701 854 790 Ego
872 725 950 766 vero
966 719 1048 790 puto
1066 700 1303 790 Apollodorum
1320 701 1355 764 in
1378 701 1446 765 hoe

374 807 445 870 viro
463 829 585 886 errare,
602 824 659 870 aut
675 807 764 870 illum
790 808 977 896 Catalogum
1004 809 1118 872 uralam
1144 830 1275 872 manum
1298 829 1445 896 passum.

376 913 517 976 Unicum
541 911 744 993 addendum,
772 913 860 977 hunc
883 915 1059 1001 Euryalum
1083 914 1216 1003 intelligi
1243 915 1275 976 in
1300 913 1446 978 obscuro

375 1017 476 1086 Ibidis
507 1017 670 1082 Ovidiame
700 1019 790 1100 loco,
816 1041 898 1083 vers.
920 1019 1001 1106 287,
1028 1017 1201 1084 credidisse
1230 1019 1446 1098 Palmerium,

376 1126 511 1192 Exercit.
531 1124 571 1190 ad
591 1126 706 1212 Script.
730 1125 874 1204 Grecos,
898 1149 970 1214 pag.
991 1126 1073 1212 373,
1100 1125 1140 1190 de
1164 1149 1232 1214 quo
1252 1125 1326 1190 vide
1350 1141 1447 1189 nous

375 1230 415 1298 ad
432 1231 523 1294 illum
542 1231 660 1294 locum.
680 1230 840 1316 Euryalus
862 1231 946 1294 inter
968 1253 1084 1319 procos
1102 1229 1328 1320 Hippodamia,
1346 1231 1447 1296 etum

377 1337 517 1400 refertur
534 1360 551 1400 a
568 1336 675 1401 Schol.
694 1335 786 1400 Pind.
804 1337 932 1424 Olymp.
951 1339 986 1417 Ι,
1013 1339 1089 1418 126,
1108 1355 1141 1401 et
1156 1338 1294 1402 Pausan.
1311 1337 1368 1400 lib.
1379 1337 1447 1417 Vl,

380 1465 436 1522 aa,
454 1441 509 1506 sed
526 1443 583 1529 qui
602 1441 670 1520 ejus
688 1442 822 1528 patriam
840 1458 872 1504 et
893 1458 1040 1529 parentes
1058 1465 1091 1506 se
1109 1443 1256 1532 ignorare
1272 1441 1372 1507 addit.
1394 1443 1446 1505 An

350 1605 352 1610 .
379 1548 430 1612 ille
451 1549 546 1612 lateat
564 1547 650 1636 apud
670 1549 808 1634 Etymol.
829 1548 936 1637 magni
960 1549 1151 1637 scriptorem
1169 1550 1202 1612 in
1222 1554 1363 1630 Εὐρυάδις,
1390 1548 1447 1636 qui

379 1653 500 1717 dicitur
520 1655 552 1724 ιΙς
568 1671 615 1714 τῶν
634 1665 795 1733 μνηστήρων,
821 1677 861 1717 ao
887 1653 1061 1742 legendum
1086 1665 1225 1735 Εὐρύαλος,
1249 1675 1317 1718 non
1341 1652 1450 1718 audeo

381 1757 529 1841 delinire,
548 1783 607 1822 nec
625 1761 721 1824 etiam
742 1783 782 1824 an
808 1783 845 1824 ex
867 1782 906 1822 eo
925 1759 1098 1824 Pausanias
1118 1775 1150 1824 et
1170 1759 1363 1824 Scholiastes
1384 1760 1450 1822 sint

382 1865 586 1955 corrigendi:
602 1866 731 1930 videant
748 1865 877 1931 eruditi.

428 2113 691 2176 EURYDAMAS
717 2112 846 2201 Hygino
872 2113 956 2176 filius
985 2115 1029 2176 Iri
1053 2131 1085 2177 et
1111 2113 1453 2176 nasammonas

385 2243 463 2309 ergo
484 2219 545 2282 fuit
563 2219 767 2306 Eurytionis,
793 2217 916 2306 dequo
936 2241 1012 2282 mox
1026 2242 1168 2308 agemus.
1186 2219 1286 2283 Addit
1305 2221 1454 2308 Hyginus

385 2325 463 2389 alios
472 2371 479 2405 ,
500 2323 601 2387 filium
616 2323 750 2388 &uacui
761 2326 863 2387 lacere
873 2371 881 2404 ,
893 2324 949 2411 qui
965 2325 1056 2404 juxta
1069 2326 1178 2388 locum
1192 2325 1338 2412 Xynium
1354 2325 1455 2388 Dolo-

386 2429 513 2519 peidem
530 2429 645 2492 urbem
659 2429 873 2509 inhabitabat,
891 2453 964 2516 quaa
981 2453 1020 2494 ex
1038 2429 1202 2516 Apollonii
1217 2429 1273 2494 lib.
1291 2431 1321 2510 l,
1338 2430 1397 2509 68,
1412 2427 1453 2491 ad

385 2535 522 2600 verbum
547 2537 613 2597 l'erc
629 2557 719 2598 versa
735 2552 825 2615 sunt,
842 2535 901 2598 ubi
916 2552 948 2598 et
966 2536 1159 2600 Scholiastes
1180 2553 1271 2600 uotsu
1292 2535 1455 2600 Ctimensn

374 2641 501 2706 'urbem
513 2640 701 2720 Thessalia,
718 2657 750 2703 et
767 2639 939 2729 Ddopsada
959 2643 1066 2704 vocari
1075 2640 1282 2706 Thessaliam.
1301 2643 1456 2730 Orpheus

388 2746 525 2810 dicitas.
546 2745 607 2823 164
623 2747 748 2810 venisse
760 2769 782 2808 a
804 2747 873 2810 lacu
892 2745 1057 2819 Boebeide,
1069 2747 1161 2826 juxta
1178 2748 1321 2811 Peneum
1338 2761 1371 2810 et
1387 2746 1457 2810 Me·

389 2853 532 2930 libaeam;
551 2851 639 2916 unde
662 2851 814 2914 eumdem
836 2853 943 2914 locum
967 2851 1087 2938 duplici
1108 2853 1242 2916 nomine
1260 2851 1456 2940 appellatum

389 2959 489 3023 lesisse
502 2957 675 3021 docuimus
688 2956 729 3020 arl
742 2957 811 3020 Val.
827 2957 930 3020 Flacc.
946 2957 971 3036 l,
985 2959 1059 3042 449.
1077 2957 1167 3021 Nihil
1179 2973 1328 3045 praeterea
1337 2955 1378 3020 de
1388 2957 1456 3019 hoc

392 3065 635 3149 Eurydamnnte
651 3065 772 3151 reperi,
797 3085 894 3152 quem
917 3063 1062 3126 Valerius
1093 3081 1204 3127 noster
1224 3063 1352 3144 omisit,
1367 3079 1406 3126 ut
1425 3077 1458 3126 et

392 3167 627 3255 Apollodorus,
643 3169 699 3254 qui
716 3167 772 3230 lib.
790 3168 840 3246 ΙΙ,
858 3191 885 3230 c.
905 3191 933 3246 1,
950 3171 968 3247 S
983 3165 1013 3244 5,
1034 3183 1192 3230 memorat
1209 3167 1458 3252 Eurydamas«

393 3271 585 3360 quemdam,
604 3271 655 3336 cui
680 3273 817 3360 contigit
829 3272 966 3351 Pharte,
991 3269 1054 3334 filia
1072 3271 1183 3336 Danai.
1203 3273 1293 3336 Alius
1307 3273 1458 3356 Euryda-

394 3402 461 3442 mas
482 3378 565 3448 inter
588 3399 702 3465 procos
728 3379 898 3468 Penelopae
918 3377 1014 3442 Hom.
1036 3377 1152 3466 Odyss.
1173 3379 1304 3459 XVlll,
1329 3379 1412 3464 296,
1427 3393 1460 3440 et

393 3485 465 3550 alibi
491 3501 705 3565 memoratum
728 3483 803 3547 vide
822 3484 861 3548 cl.
888 3482 1048 3547 Drakenb.
1066 3481 1107 3546 ad
1121 3484 1178 3548 Sil.
1202 3485 1250 3564 ll,
1276 3484 1347 3572 178.
1371 3484 1460 3549 Alius

395 3591 597 3654 somniorum
627 3590 802 3678 interpres,
825 3589 918 3670 cujus
941 3587 1024 3652 filios
1050 3589 1207 3653 Abantem
1235 3605 1267 3654 et
1292 3589 1459 3678 Polyidem

395 3695 555 3760 interfecit
573 3693 759 3775 Diomedes,
779 3695 816 3758 ll.
832 3695 872 3774 V,
891 3693 961 3772 148.
972 3691 1220 3782 Tryphiodorus
1233 3697 1319 3760 inter
1330 3697 1462 3776 heroas,

396 3803 452 3890 qui
478 3801 511 3866 in
538 3797 624 3887 equo
649 3801 789 3880 Trojano
812 3799 934 3864 conditi
957 3799 1107 3879 luerunt,
1133 3818 1291 3864 memorat
1311 3803 1463 3888 Euryda-

399 3921 526 3985 manta,
551 3907 644 3971 Peliae
668 3907 789 3988 filium,
806 3931 853 3971 vs.
871 3931 951 3994 ¹773
979 3929 1076 3994 quem
1099 3908 1350 3998 interposteros
1370 3909 1464 3973 Peliae

399 4036 464 4078 non
485 4015 629 4100 reperio,
649 4015 710 4077 nisi
727 4015 808 4078 alius
832 4012 953 4092 Pelias,
974 4035 1073 4101 quam
1095 4013 1225 4078 Crethei
1250 4013 1333 4078 lilius
1355 4017 1463 4080 luerit.

399 4119 556 4205 Eurymas
575 4119 705 4207 quidam
728 4144 747 4183 a
771 4119 901 4185 Polluce
923 4119 1132 4198 interfectus,
1155 4121 1230 4206 quia
1253 4137 1320 4184 erat
1341 4121 1465 4184 calum·

401 4225 659 4306 distendissent,
678 4229 816 4290 refertur
828 4226 868 4290 ab
883 4225 1060 4313 Hesychi03
1078 4225 1133 4288 ubi
1156 4225 1238 4290 forte
1265 4227 1466 4310 Eurydamas
