3102 5128
320 459 352 524 N
361 458 447 524 ovl
477 455 723 542 uultottls
752 451 908 519 NOTAE.
1078 451 1137 515 163

82 595 178 634 amen
196 571 318 630 mundo
334 572 393 626 loco
405 587 512 624 currum
528 567 593 622 dicit
603 565 736 633 Valerius,
750 563 823 638 quod
833 565 909 636 plage
923 561 1141 634 septentrionalis

83 663 154 715 altior
162 657 288 719 ridetur3
301 653 355 716 rid.
369 653 442 724 Virg.
452 653 550 723 Georg.
560 653 585 714 1,
598 658 664 714 alo:

218 806 324 854 Mundus
334 815 361 851 ut
371 803 401 850 ad
412 801 530 862 scythiam
540 801 692 862 uuipmqas
704 797 791 844 erduns
801 811 866 843 srces

119 925 121 930 .
218 879 354 942 Consurgit

85 1027 324 1103 interpretationem
339 1024 488 1095 Wagneri,
503 1020 635 1074 memoriae
652 975 729 1074 eausa
739 1058 748 1085 ,
759 1018 805 1087 bic
821 1019 986 1092 subjecimus.
1001 1017 1044 1072 sic
1063 1019 1142 1091 igitur

84 1117 140 1169 ille:
158 1116 284 1172 -Ssabat,
297 1127 325 1161 us
336 1111 449 1160 sesrenu's
460 1109 566 1158 desertm
579 1107 612 1156 ab
629 1106 737 1164 ordibus,
751 1101 848 1164 stellis,
861 1103 929 1163 aurs,
945 1101 1021 1174 polus
1030 1103 1143 1156 arcticus

83 1197 153 1267 (rid
165 1214 246 1268 supro
257 1193 308 1258 456
319 1195 338 1262 )‚
350 1192 377 1244 b.
388 1191 407 1242 l.
420 1191 512 1246 bretos
520 1186 594 1241 sidus
605 1186 709 1254 ,Ursa,
723 1205 793 1254 quem
799 1187 856 1254 jam
870 1187 936 1236 tasse
949 1186 1011 1246 dies,
1023 1185 1062 1238 sol
1075 1187 1145 1240 occi·

82 1284 158 1350 deus,
169 1291 200 1334 ut
212 1278 366 1350 respicietur
382 1273 417 1328 ed
440 1273 521 1326 lassos
534 1289 632 1344 equos,
653 1289 705 1324 uox
722 1269 864 1341 ingruens,
894 1272 1024 1337 Austrique
1037 1272 1146 1324 ardenu's

83 1387 178 1427 m,
189 1363 275 1416 nubes
287 1377 427 1414 arenarum
438 1357 523 1412 ventis
537 1355 665 1420 excitate,
674 1350 795 1406 snstrslis
808 1351 891 1424 plegae
906 1349 999 1405 incolis
1014 1369 1047 1404 ex
1061 1355 1145 1408 oculi.

82 1449 375 1514 subducunt,aatquem
387 1445 498 1512 Rhipeus
529 1441 566 1491 od
578 1457 658 1498 arces,
667 1448 768 1488 montes
777 1471 785 1498 ,
794 1435 822 1487 in
837 1435 914 1508 plaga
924 1435 1146 1506 septemtrionali,

82 1549 230 1592 camum,
244 1529 379 1604 paululum
391 1524 518 1598 temporis
532 1523 706 1586 emicantem,
717 1517 890 1590 conspicuum
900 1554 908 1581 ‚
918 1535 978 1570 mox
992 1529 1079 1574 temen
1091 1541 1144 1572 m.

83 1643 120 1673 ιω
132 1623 178 1672 uix
189 1632 214 1668 et
225 1617 323 1668 caerulei
334 1613 490 1679 Boreoeserus
511 1606 616 1674 bonor(
625 1603 695 1657 conl.
705 1604 728 1670 Ι,
738 1601 789 1656 652
799 1603 821 1670 )‚
829 1601 913 1654 nubes
921 1599 1049 1655 imbribus
1061 1605 1145 1674 gravi.

82 1706 137 1766 da,
151 1722 167 1757 a
179 1701 264 1754 Borea
278 1708 390 1758 coactu,
406 1696 518 1754 abstuli,
536 1687 695 1744 obscuravit.
714 1683 793 1752 Feci,
809 1683 883 1756 quod
902 1683 992 1754 potui,
1006 1697 1052 1753 ut,
1065 1705 1145 1758 quem

81 1802 156 1862 poeta
175 1783 266 1838 animo
278 1781 431 1833 informasse
451 1775 593 1837 rideretur,
607 1788 711 1826 sensum
730 1787 866 1832 eruerem,
882 1766 929 1822 sed
945 1767 1011 1822 mihi
1025 1770 1145 1824 noudum

81 1891 127 1942 per
138 1867 229 1921 omnia
245 1863 303 1918 satis
315 1861 371 1916 ieci.
385 1859 469 1914 Nimis
481 1858 576 1912 doctus
590 1853 701 1909 subinde
714 1871 770 1906 esse
781 1852 837 1905 vult
850 1850 973 1904 Valerius
988 1871 1078 1921 meus,
1090 1875 1145 1928 quo

83 1955 125 2019 iit,
133 1965 162 2006 ut
171 1949 310 2004 obscurior
318 1945 423 2008 evadat,
434 1955 469 2006 et,
479 1943 542 1996 dum
553 1940 631 1994 nimie
641 1956 737 1991 ornare
749 1953 822 2001 rem,
832 1953 912 2006 quam
924 1949 1071 2009 comparet,
1081 1957 1145 1992 eon-

83 2036 183 2101 tendit,
202 2033 230 2087 id
241 2016 373 2105 ,quocum
390 2025 612 2098 comparutionem
625 2021 756 2084 instituit,
774 2039 805 2074 ex
818 2019 902 2072 oculis
915 2009 1108 2076 eutittal.1dem
1122 2024 1147 2077 ei

84 2119 177 2175 cecidit
189 2117 325 2176 hocloco,
351 2115 425 2186 cujus
436 2109 564 2182 posterior
575 2125 653 2179 pars,
684 2123 737 2178 qna
747 2103 849 2157 ratione
859 2102 894 2155 ad
901 2103 1024 2156 iasonem
1043 2105 1150 2178 proprie

83 2199 278 2260 accommodari
292 2199 387 2271 possit,
400 2215 454 2248 uon
469 2192 556 2246 video.
574 2189 694 2244 Gratiam
707 2187 844 2240 habebunt
862 2185 987 2248 lectores,
1005 2188 1077 2258 quod
1091 2189 1145 2242 Cel.

84 2287 169 2343 Berkii
183 2285 201 2338 l.
214 2285 232 2336 l.
248 2303 273 2355 p.
292 2301 359 2354 270,
372 2277 527 2334 senteutiam
543 2272 739 2346 adscripserim.
756 2269 933 2334 autricum,
950 2269 1002 2336 eit,
1015 2269 1107 2338 locus,
1119 2286 1146 2326 es

83 2365 261 2426 memorabilis
274 2367 309 2419 ob
321 2362 509 2418 diversissimus
524 2357 723 2431 explicationes,
735 2372 848 2426 quarum
867 2364 1006 2426 utramque
1023 2367 1048 2407 et
1066 2357 1147 2410 rerba

81 2455 225 2510 admittunt
239 2462 265 2503 et
278 2457 399 2502 contexta
410 2444 504 2497 oratio.
515 2440 634 2494 Dorvillii
649 2438 786 2510 explicatio
799 2437 832 2490 ad
845 2435 943 2490 Charit.
956 2456 1017 2509 pag.
1032 2435 1091 2509 591,
1103 2439 1146 2494 ed.

81 2541 150 2611 Lipc
160 2547 192 2589 ut
203 2534 239 2586 sit
252 2550 265 2584 a
277 2548 356 2586 cssrru
369 2529 471 2582 deserto
484 2525 564 2580 ductu
575 2521 751 2594 comparatio,
764 2520 806 2572 aix
819 2519 904 2591 piacet
915 2558 923 2584 ,
936 2521 1008 2592 qnod
1018 2522 1147 2578 humilior

80 2625 170 2693 borgo
182 2620 273 2672 fusura
285 2626 350 2669 esset
359 2651 367 2677 ,
377 2631 427 2666 uec
441 2613 504 2663 orbis
514 2607 618 2662 videtur
627 2605 679 2658 dici
690 2621 765 2676 posse
773 2619 822 2674 pro
836 2621 924 2656 curru.
933 2603 993 2658 Plus
1003 2605 1052 2657 erit
1061 2606 1146 2676 digni.

80 2707 155 2769 ratis,
168 2700 238 2756 side
249 2701 329 2751 Arcto
340 2693 526 2768 interpreteris.
538 2699 615 2743 Lassa
628 2693 679 2740 dies
691 2686 791 2739 dietum
806 2703 861 2738 esse
874 2683 980 2738 deberet
990 2705 1038 2758 pro
1049 2688 1147 2744 lumine

79 2790 224 2844 defici-te
234 2784 314 2857 ipsius
324 2781 402 2834 stellae
410 2818 419 2842 ‚
427 2791 457 2831 ut
466 2778 497 2830 sit
507 2793 614 2831 sensus:
628 2791 708 2844 quem
721 2770 849 2832 tenebre,
866 2781 930 2840 pute
940 2773 1028 2832 rerba,
1042 2784 1103 2836 aut,
1117 2774 1145 2826 in

78 2872 190 2927 eustreli
205 2881 290 2926 terre,
304 2883 387 2918 ereuae
406 2862 541 2916 concitatu
556 2860 717 2919 obscurent,
731 2868 776 2908 ent
794 2853 820 2906 in
839 2852 1045 2924 septemtrionali
1054 2857 1144 2929 plage,

77 2961 164 3012 uires.
182 2953 275 3018 Quum
289 2954 403 3000 Austrum
427 2948 551 2995 ardentem
563 2941 668 3012 dixisset
681 2950 772 3010 poeta,
785 2936 836 2988 hoo
848 2937 934 3006 ipsum
948 2935 983 2990 ud
1001 2940 1146 3010 oppositam

77 3041 133 3095 eali
148 3037 259 3108 plagam
273 3029 404 3084 transtulit
418 3029 553 3082 animum:
569 3039 704 3077 exstantem
717 3033 827 3074 ornatus
845 3037 924 3073 causa
942 3032 981 3074 eat
997 3020 1146 3094 adjectum,

77 3143 126 3177 nec
136 3113 326 3194 premendum,
335 3113 407 3184 quasi
417 3109 508 3164 elatior
518 3109 551 3162 sit
562 3104 778 3180 septemtrionalia
787 3105 875 3176 plaga.
884 3136 920 3145 -
929 3103 988 3174 (Sic
998 3117 1086 3161 tamen
1096 3127 1149 3162 cre-

76 3207 173 3261 dada-e
178 3203 299 3254 Veteres.
306 3196 386 3257 Vide,
398 3213 455 3268 que
465 3193 499 3246 sd
509 3193 635 3265 Calpurn.
646 3189 696 3244 sic.
706 3189 761 3242 Ecl.
771 3190 793 3252 l,
803 3197 846 3260 74,
859 3189 902 3253 75.
914 3193 1006 3240 Notum
1012 3193 1145 3259 jacentem,

76 3303 239 3356 meumque
247 3289 351 3334 Boream
360 3277 493 3332 annotarit
502 3273 632 3330 Wernsd.
641 3275 711 3328 Poet.
721 3274 785 3327 Min.
794 3285 860 3326 nost.
869 3271 912 3325 ed.
926 3273 979 3324 vol.
989 3275 1020 3336 Ι,
1038 3295 1066 3347 p.
1078 3277 1149 3346 403.)

76 3373 181 3426 Sensus
192 3367 274 3440 igitur
287 3375 325 3418 est
339 3362 499 3435 simpliciter,
513 3373 543 3414 ut
555 3362 662 3422 Αιοιοι,
678 3377 737 3431 quse
751 3356 936 3411 deficientibus
948 3357 1055 3430 reliquis
1066 3361 1148 3415 stellis

77 3459 133 3510 sole
146 3452 280 3508 destituto
288 3489 296 3516 ,
309 3448 394 3502 menis
408 3457 434 3498 et
447 3444 552 3498 nivibus
569 3445 735 3498 obscuratur.
754 3441 805 3494 Sed
824 3440 886 3493 lutet
900 3438 988 3493 sdlruc
1006 3441 1106 3513 aliquid
1120 3431 1147 3496 iu

75 3547 145 3594 lassa
161 3541 217 3590 diu
226 3557 238 3596 ,-
250 3531 432 3605 requirebatur
442 3529 486 3582 bic
496 3528 583 3582 noctis
594 3525 693 3580 mentio
706 3549 727 3576 ι.

110 3720 148 3773 V.
164 3717 229 3770 566.
240 3713 605 3780 Erardentesstabulaeffudere
614 3704 853 3761 tenebrae-«Mire
862 3702 960 3756 dictum
968 3705 1052 3760 videri
1060 3712 1149 3779 possit,

75 3799 347 3877 inquitWagnerus.
360 3797 439 3851 Poeta
454 3795 477 3848 si
494 3795 545 3848 boc
559 3785 659 3856 euicit,
672 3804 701 3844 ut
717 3789 819 3842 stabula
831 3809 846 3841 e
858 3788 970 3841 tenebris
983 3791 1036 3842 suis
1049 3790 1148 3862 ignivo-

74 3904 136 3938 mus
148 3880 290 3936 emiserint
301 3891 405 3942 terune,
416 3875 553 3930 obscurius
563 3887 651 3927 tamen
665 3869 791 3942 exposuit.
804 3867 922 3922 Fortasse
933 3879 1021 3921 tumen
1030 3872 1148 3944 ὄξὺμυριι

73 3981 214 4042 sequanas
224 4005 232 4030 ,
241 3965 270 4019 in
284 3982 339 4036 qus
352 3961 436 4034 ligura
449 3960 501 4015 sibi
513 3957 640 4030 placebas
657 3952 767 4023 omniuo
779 3950 893 4015 videtur,
907 3953 929 4004 si
943 3951 1061 4006 conferas
1072 3953 1150 4027 hujus

72 4051 140 4106 libri
153 4093 162 4116 ,
176 4071 201 4104 r.
220 4051 247 4116 ⁵,
261 4050 364 4102 tenebris
376 4049 476 4098 incensu
487 4061 576 4110 meus,
593 4052 620 4093 et
632 4038 781 4111 paulopost
794 4035 1060 4106 585,fn'5ssus1;5nu.
1074 4036 1149 4110 Opti.

71 4155 138 4198 rue,
155 4136 195 4187 uti
211 4146 237 4188 et
251 4134 423 4185 Burmannus
432 4127 518 4193 vidit,
529 4126 559 4178 h.
572 4123 591 4178 l.
607 4122 640 4178 de
654 4121 765 4174 fumosis
777 4119 890 4173 flammis
903 4118 999 4191 exponi
1009 4130 1110 4190 potest,
1121 4136 1151 4176 ut

70 4213 220 4285 Apollonii
229 4214 372 4285 λιγυυόιιτα
388 4211 497 4272 καπνόν,
512 4205 551 4272 ll,
564 4205 624 4266 133,
635 4201 808 4270 et111‚1290,
820 4199 916 4253 imitari
926 4213 1001 4271 poeta
1011 4199 1128 4254 volueris.
1138 4229 1150 4249 ι

974 4317 1021 4359 11.
