3150 5126
377 531 438 614 294
816 525 1006 590 ORPHEl

421 659 543 722 Dirinae
562 657 684 722 Lemni.
702 659 810 722 Scelus
833 657 896 720 illic
914 679 990 722 ausa
1007 655 1182 720 nefandum

421 773 573 837 Foeminei
592 773 695 836 rabies
713 771 777 836 odii
795 773 914 854 jurata,
933 773 1061 836 maritos

422 889 527 952 Exitio
544 887 650 952 dedit:
670 903 718 951 ast
733 885 850 952 deinde
867 887 1051 952 volentibus
1067 887 1143 974 ipsis

420 1002 562 1090 Imperat
577 1002 752 1090 Hypsipyle
769 1004 892 1066 cunctis
911 1001 1084 1066 formosior
1102 1022 1177 1064 una.

462 1113 526 1180 Sed
543 1115 600 1180 tibi
619 1115 696 1204 quid
715 1115 825 1180 multis
842 1115 976 1180 reseram
997 1113 1057 1180 dea
1075 1115 1192 1206 Cypria
1211 1129 1335 1202 quanto
1401 1139 1436 1188 η.

418 1231 543 1294 Fecerit
560 1231 633 1320 igne
649 1232 736 1319 gravi
754 1227 954 1320 splendentia
969 1247 1101 1319 pectora
1118 1244 1266 1294 nostrum
1298 1289 1302 1298 .

418 1345 630 1412 Lemniadum
648 1345 767 1434 Minyis
783 1345 903 1408 sociare
919 1345 1037 1410 cubilia
1050 1343 1196 1425 junctis?

416 1460 569 1550 Reginam
586 1459 784 1548 Hypsipylen
802 1457 918 1524 ardens
936 1459 1126 1547 compressit
1145 1457 1262 1538 1asou;

419 1578 477 1638 Ast
493 1574 566 1637 alias
583 1573 653 1657 alii;
670 1573 771 1662 pelagi
791 1597 851 1637 nec
869 1595 945 1637 cura
963 1571 1122 1637 manebat.

420 1691 530 1752 Donec
548 1709 600 1750 me
617 1687 723 1752 tardos
739 1689 849 1752 animo
865 1685 1053 1777 indignante
1069 1707 1230 1768 recessus,
1400 1703 1440 1754 ⁴7⁵

418 1805 459 1866 Et
476 1803 609 1865 monitis
624 1803 779 1866 miscente
796 1805 918 1884 minas,
937 1803 1124 1866 referuntur
1139 1799 1180 1864 ad
1196 1804 1282 1890 Argo

418 1917 564 2006 Remigio
582 1917 712 1999 intenti,
733 1919 841 2005 patriae
859 1941 991 2005 quoque
1009 1940 1085 1982 cura
1105 1915 1238 1980 subiret.

465 2030 532 2095 Sub
549 2033 653 2097 lucem
673 2033 823 2122 Zephyro
837 2034 973 2122 puppim
991 2033 1126 2095 leniente
1143 2052 1276 2110 sereno,

416 2146 643 2236 Hellespontus
660 2147 776 2228 habet,
796 2170 920 2234 nosque
936 2163 1021 2211 arcta
1040 2146 1194 2233 relinquit
1210 2139 1353 2233 Abydos.
1412 2201 1416 2204 .

416 2260 613 2325 Dardanium
631 2283 649 2325 a
665 2260 801 2344 dextris,
816 2263 972 2351 Pityeque
992 2276 1074 2344 erat,
1095 2260 1176 2324 llion
1193 2260 1322 2346 ingens,
1399 2279 1439 2324 us

416 2372 553 2438 Pulcher
569 2374 625 2438 ubi
640 2373 778 2463 AEsepus
796 2377 970 2457 Percoten,
987 2371 1258 2460 Abarniadanque

416 2488 596 2578 Frugiferae
613 2505 713 2552 terras
729 2488 975 2577 splendentibus
991 2487 1081 2551 alluit
1103 2485 1210 2551 undis.

415 2603 497 2665 Laeta
516 2603 679 2666 ferebatur
696 2605 798 2667 ventis
816 2602 1026 2666 stridentibus
1046 2606 1143 2690 Argo.

414 2719 518 2804 Atque
536 2717 591 2780 ubi
609 2719 673 2797 jam
690 2717 766 2781 litus
783 2717 1051 2805 compressimus,
1069 2717 1138 2804 ipse
1154 2715 1304 2804 magister

415 2831 590 2894 Haemoniae
609 2833 744 2919 puppis,
761 2832 858 2894 sinutl
876 2847 908 2894 et
922 2832 1090 2920 praecelsus
1106 2833 1217 2910 lason,
1398 2845 1438 2890 us

399 2946 521 3031 ·Atque
538 2967 602 3008 uua
619 2943 736 3034 Minyae
755 2947 867 3033 reliqui
882 2963 1094 3010 monumenta
1108 2947 1261 3010 Minervae

415 3059 531 3122 Erecto
548 3057 706 3122 aedificant
723 3083 819 3142 saxo,
837 3061 1073 3147 pulcherrimus
1093 3058 1181 3123 unde

414 3173 523 3236 Manat
538 3172 579 3235 ab
597 3174 730 3236 Artaciae
748 3173 973 3260 Nympharum
992 3195 1125 3236 munere
1141 3195 1275 3262 gurges,

415 3286 508 3349 Dona
524 3287 603 3366 (leae,
620 3288 774 3374 quoniam
792 3305 851 3374 per
867 3309 1005 3350 concava
1023 3287 1115 3348 litora
1132 3286 1227 3374 ponti

414 3401 680 3490 Hellespontiacis
696 3402 790 3465 lacies
807 3401 912 3464 arrisit
929 3403 961 3463 in
981 3399 1086 3464 undis.

413 3517 455 3580 Et
472 3515 561 3580 nullo
580 3517 756 3580 introrsum
774 3515 870 3579 motis
887 3515 1038 3603 aquilone
1056 3515 1221 3603 procellis,

413 3629 563 3694 lactanda
580 3631 613 3693 in
633 3629 755 3694 medios
770 3653 835 3694 non
850 3629 918 3694 haec
933 3630 997 3695 luit
1013 3653 1129 3694 ancora
1148 3627 1282 3712 lluctus;

413 3747 629 3832 Porrectoque
647 3745 710 3808 illic
729 3745 867 3808 tentoria
887 3744 980 3807 litore
1000 3741 1117 3832 ligunt,

412 3860 453 3923 Et
468 3861 576 3948 pransi
593 3874 778 3947 exspectant
795 3859 952 3922 venientis
968 3873 1110 3946 tempora
1128 3882 1237 3923 coenae.

411 3976 545 4063 Jamque
562 3973 809 4054 recumbebant,
826 3975 914 4038 venit
934 3997 1036 4062 quum
1054 3975 1189 4061 Cyzicus
1206 3973 1318 4056 heros,
1390 3993 1432 4044 ⁴⁹⁵

412 4089 551 4174 imperat
569 4087 622 4150 hic
635 4087 724 4175 genti
744 4087 972 4174 Dolopumque
988 4087 1290 4175 Perictiouumque,

413 4202 508 4265 AEnei
526 4223 637 4266 carum
654 4204 788 4290 pignus,
807 4225 903 4290 quem
921 4202 983 4267 lilia
1000 4201 1075 4265 clari
