3192 5138
407 508 803 576 inconsurroort
831 511 918 576 ιιι.
944 513 1046 577 vin.
1204 514 1263 602 193

240 642 388 730 Quoeque
404 639 458 706 die
476 641 582 708 fuerat
600 643 718 740 raptim¹
735 643 872 708 formata
890 646 953 709 suh
974 667 1062 728 uno,

238 759 281 823 Et
299 773 429 822 tanturn
445 754 650 845 dejecta'suis
666 781 684 822 a
701 757 868 823 montibus
886 759 994 840 arbor,

238 871 343 961 (Quid
359 869 454 936 dolor
469 885 502 935 et
516 886 661 938 veterum
678 873 785 961 potuit
803 895 871 938 non
889 876 936 938 ira
953 874 1098 940 virorum
1109 876 1140 964 i)
1229 907 1266 944 vso

239 987 337 1054 Heud
352 987 457 1076 longis
470 985 536 1066 jam
550 985 647 1052 distat
659 989 769 1076 aquis,
787 987 1000 1078 sequiturque
1015 991 1176 1056 volantem

240 1103 377 1170 Barbara
392 1099 564 1166 Palladiam
580 1103 716 1192 puppim
734 1103 829 1186 ratis,
847 1104 928 1168 ostia
944 1103 1050 1170 donec

242 1219 384 1285 Danubii
399 1218 601 1306 viridemque
617 1217 730 1283 rident
742 1233 818 1284 ante
831 1219 913 1283 ostia
928 1218 1075 1301 Peucen,

242 1336 428 1424 Ultimaque
443 1349 626 1423 agnoscunt
641 1335 743 1424 Argoi
761 1355 884 1400 cornua
899 1335 984 1400 mali.

242 1453 327 1516 'l'um
345 1473 422 1515 vero
439 1450 612 1515 clamorem
632 1471 747 1514 omnes
765 1449 961 1538 inimiosqne
977 1452 1097 1516 tollunt
1229 1475 1267 1526 ²95

244 1564 390 1647 Gaudia3
408 1579 479 1629 tum
498 1565 626 1654 gravior
642 1563 738 1630 remis
756 1563 874 1654 fragor,
893 1581 931 1629 ut
945 1567 1060 1656 procul
1076 1570 1164 1658 Argo

244 1682 320 1747 Visa
335 1681 428 1764 viris,
448 1701 615 1768 unamque
632 1692 751 1767 petunt
770 1694 872 1744 rostra
890 1681 1000 1746 omnia
1017 1683 1164 1772 puppim.

243 1795 396 1885 Princeps
413 1795 556 1860 easdem
574 1793 690 1860 nodosi
711 1794 839 1859 roboris
857 1817 981 1860 uncum

246 1911 386 2000 Arripit,
407 1925 441 1974 et
457 1909 555 2000 longa
570 1909 675 1974 Stirus
690 1925 876 1998 prospectat
893 1910 934 1974 ab
954 1908 1064 1993 unda,

245 2027 408 2118 conjugio
424 2041 522 2114 atque
540 2025 658 2090 iterum
678 2046 806 2113 sponse
821 2023 1003 2091 flammatus
1021 2049 1141 2093 amore.
1232 2047 1271 2086 ιω

245 2143 382 2230 lamque
397 2140 451 2206 alii
467 2140 596 2228 clypeos
612 2155 645 2204 et
660 2139 720 2204 tela
739 2139 871 2206 tmbalia
890 2139 1010 2206 dextris

245 2255 454 2346 Expediunt3
477 2268 604 2319 armant
621 2253 674 2318 elii
690 2255 769 2343 piois
786 2254 932 2344 unguine
951 2252 1103 2324 flammas.

200 2451 240 2518 pir
251 2451 307 2520 jem
332 2451 414 2500 disset·
426 2451 500 2516 eqru‘s
512 2449 523 2518 (
530 2451 601 2501 haud
618 2449 729 2521 jungas*
757 2453 829 2518 Argo
842 2467 914 2502 nuno
925 2461 980 2504 tota
994 2453 1052 2502 nise
1064 2455 1138 2516 vlrr's,
1147 2473 1273 2524 unamque

202 2539 239 2604 τῷ
255 2531 363 2598 distet),
381 2546 463 2601 perro
484 2528 611 2600 temporis
632 2529 713 2582 inter·
753 2543 842 2598 petum
854 2543 934 2582 rosea
951 2533 1034 2582 omnia
1047 2535 1157 2601 puppim.
1171 2535 1272 2608 incipi.

202 2608 271 2661 vello
284 2607 348 2662 inde
361 2627 377 2661 a
392 2605 520 2661 Colchide
533 2605 607 2661 hsud
622 2605 715 2680 procul
758 2625 817 2662 mus
830 2607 922 2662 timere
933 2612 978 2660 nni
988 2609 1066 2674 neri,
1075 2629 1157 2684 quam
1170 2634 1271 2675 omnes,

203 2687 276 2740 abest
290 2687 324 2740 eb
338 2687 454 2742 Danubii
464 2685 545 2740 ostiis.
757 2697 813 2740 tem
824 2688 913 2740 multe
924 2686 1089 2744 adoriuntur.

239 2783 296 2834 eqo
308 2769 375 2836 Quid
387 2771 459 2818 dolor
474 2777 498 2818 et
515 2779 626 2820 ueterem
637 2766 715 2833 potesis
793 2767 852 2834 298.
862 2769 983 2835 Princeps,
992 2767 1107 2838 primus,
1120 2767 1205 2824 Stirus
1214 2790 1270 2826 non

202 2866 253 2898 eos
271 2850 310 2898 ira
327 2850 460 2898 mironem?
471 2845 555 2898 Totus
568 2843 713 2898 versiculus
757 2843 1003 2918 Absyrtusnavalem
1011 2865 1100 2898 uncum
1107 2850 1196 2899 nodosi
1204 2853 1271 2902 rolo-

203 2925 315 2998 glosrsm
326 2925 403 2998 sepit.
758 2927 791 2976 n's
801 2929 909 2996 (quum,
921 2943 981 2996 que
991 2925 1100 2996 posteris
1110 2929 1273 3000 temporibus

239 3021 300 3072 spe.
313 3005 452 3056 Palladairm
466 3006 578 3072 puppim,
598 3001 633 3054 eh
656 3000 714 3072 ipsa
757 3001 793 3056 ed
806 3001 930 3056 hostilem
943 3019 1038 3056 narem
1049 3003 1232 3060 attrahendam
1243 3009 1272 3062 in

202 3084 324 3138 bliner'ss
337 3094 494 3136 exstructam
513 3083 621 3153 ejusque
634 3077 714 3132 tutela
758 3081 834 3136 hellis
847 3081 986 3136 navalibus
998 3080 1200 3151 adhiberentur,
1213 3104 1269 3141 ma.

204 3163 353 3226 firmatam,
375 3161 542 3234 persequitur
566 3161 714 3232 Absyrtust
759 3181 809 3216 nus
820 3159 927 3228 ferree,
938 3162 1119 3235 harpagones,
1132 3163 1271 3235 Argonau-

203 3241 277 3296 ridet
286 3244 404 3302 or'rr'dem,
415 3239 516 3305 letam,
527 3238 638 3292 insulam
652 3243 714 3289 Peu-
757 3251 844 3294 tarum
853 3239 921 3294 etuti
933 3260 987 3294 non
997 3241 1184 3310 convenirent,
1198 3243 1272 3298 hand

204 3339 264 3383 een,
274 3335 299 3374 et
312 3323 398 3374 muna
415 3339 508 3371 cornua
524 3320 601 3381 reali,
613 3317 652 3370 nil
661 3313 715 3368 nisi
757 3318 845 3392 inepte
857 3331 964 3375 sontum
975 3321 1129 3383 roboreum,
1137 3339 1190 3374 non
1201 3336 1272 3391 arte,

203 3413 330 3454 entennrs
340 3398 477 3472 conspicit.
488 3400 601 3450 -uarts
612 3396 665 3450 hoe
675 3397 715 3448 lo·
758 3397 806 3454 red
822 3400 857 3453 eb
870 3399 929 3472 ipse
943 3413 1039 3454 natm
1055 3399 1084 3453 in
1102 3417 1201 3455 uncum
1215 3403 1273 3456 effi.

205 3499 238 3532 eo
261 3499 316 3533 non
341 3491 454 3544 temere,
476 3487 505 3529 ut
526 3475 640 3550 passim,
662 3493 714 3548 pro
758 3491 830 3534 otum
839 3489 914 3551 poeta
926 3478 1003 3548 dixit)
1012 3481 1105 3549 arripr't,
1118 3485 1273 3551 alonpaal

205 3561 275 3610 navis
297 3555 411 3620 diciturt
440 3553 487 3610 sed
509 3558 616 3607 samara
639 3557 714 3616 mus,
757 3557 1123 3632 suds,eminusadhue,jam
1131 3576 1275 3630 prospectet

205 3637 233 3692 id
246 3653 302 3703 est,
316 3637 450 3709 navigium
460 3634 579 3689 trabibus
592 3635 717 3690 connexis
760 3640 849 3698 Stiuas,
865 3656 899 3690 an
918 3637 985 3690 forte
1002 3637 1124 3692 Medeam
1140 3659 1215 3693 suem
1231 3643 1272 3694 vi·

206 3729 304 3772 temere
318 3718 417 3771 sectum
433 3727 460 3770 et
472 3713 656 3781 inoonditum,
667 3733 717 3786 op·
760 3715 842 3770 dendi
859 3716 935 3788 copia
952 3715 1042 3781 detio,
1061 3721 1178 3787 conjugio
1200 3734 1274 3790 atque

206 3799 313 3868 ponitur
333 3799 454 3850 PaIIadr'ae
470 3798 560 3865 puppi,
581 3794 717 3868 grandiori
761 3798 845 3848 sienim
857 3797 1107 3864 sponsoestemmatur
1121 3817 1213 3850 amore.
1225 3801 1274 3854 Eo.

206 3877 261 3931 reil.
275 3878 381 3949 navigio
392 3877 491 3930 affabre
502 3877 642 3931 fabricato.
653 3875 707 3929 En.
799 3875 859 3930 301.
873 3877 930 3925 Tele
946 3875 1066 3934 trabalia,
1080 3873 1168 3928 hastas
1182 3881 1274 3932 crassi·

243 3957 303 4027 295.
316 3964 376 4010 lien
393 3977 454 4010 nero
472 3961 603 4010 clamorem
620 3970 645 4008 et
652 3975 719 4023 guu-
762 3952 798 4008 tie
810 3965 836 4008 et
849 3950 1013 4023 longitudine
1030 3953 1149 4006 trabibus
1162 3957 1275 4027 equales

206 4040 263 4100 deis,
280 4037 370 4091 letum
382 4035 526 4090 clamorem
543 4035 658 4098 tollunt,
672 4033 720 4088 sed
762 4031 955 4103 (eontvirgtt.
971 4035 1033 4086 AEn.
1049 4031 1112 4099 ΧΗ,
1128 4042 1179 4105 ι94
1189 4041 1214 4104 ),
1231 4060 1276 4092 α.

206 4120 308 4172 umes
329 4118 442 4187 gudae,
468 4113 540 4187 quod
556 4119 613 4184 jam
639 4114 668 4166 in
686 4131 720 4166 eo
741 4116 1003 4184 ,praesumens
1017 4111 1274 4186 oblinunt,aliipicir

207 4207 300 4262 aaut,
312 4207 343 4248 nt
355 4195 422 4250 irarn
435 4194 584 4266 expleretur
596 4207 646 4244 snm
656 4211 720 4262 gra·
764 4195 883 4261 unguine,
899 4191 958 4263 pice
975 4190 1131 4264 liquefacta,
1140 4197 1273 4258 flammas,

207 4278 260 4328 sior
272 4279 343 4326 remis
354 4277 452 4344 fragor
466 4271 583 4337 auditur,
596 4286 623 4324 nt
634 4276 723 4339 pmcul
765 4270 844 4325 faces.
866 4269 909 4325 Sic
924 4272 1022 4341 semem
1043 4291 1142 4324 amere
1163 4296 1275 4340 senens,

301 4373 342 4437 ll.
1106 4373 1143 4436 13
