3220 5128
476 565 913 632 sneonnnranun.
1157 579 1219 660 ⁴07

164 687 271 756 Codro
296 687 566 775 comparandum,
591 687 679 774 quod
707 691 854 776 prestitit
879 693 982 756 Aleon
1007 695 1117 780 patriae
1143 718 1219 760 suae.

165 797 261 858 Certe
279 792 435 858 Maseritn
454 792 496 856 ad
515 794 617 858 Valer.
638 795 662 858 F
664 795 779 872 iacal.
797 797 817 860 Ι.
838 815 962 874 narrat,
979 798 1103 862 Alcona
1123 801 1221 866 luisse

166 897 338 987 quemdem
356 898 601 962 Atheniensium
621 899 757 982 ducem,
774 902 830 988 qui
849 924 905 965 sua
923 917 1026 967 morte
1042 907 1108 968 suis
1125 907 1220 970 vitam

167 1003 323 1085 restituit,
345 1002 435 1090 quod
460 1003 547 1068 unde
573 1003 733 1086 hauserit,
760 1027 827 1068 non
851 1005 950 1072 addit.
978 1009 1025 1073 De
1051 1011 1223 1076 Erechthei

168 1103 292 1168 filiabus
309 1119 396 1168 certe
413 1119 572 1190 narratur,
587 1105 654 1168 illas
671 1129 705 1168 se
721 1129 780 1193 pro
796 1107 896 1194 patria
913 1107 1123 1176 immolandas
1141 1137 1222 1201 prae·

84 1273 91 1299 x
169 1209 294 1292 buisse;
308 1195 380 1272 ride
397 1211 464 1274 Cic.
472 1211 567 1276 Τιιεο.
582 1212 615 1290 l,
632 1211 691 1292 48,
714 1227 747 1274 et
763 1211 803 1275 de
819 1213 893 1277 Nat.
912 1215 1006 1279 Deor.
1025 1218 1090 1293 Ill,
1115 1239 1170 1302 19,
1193 1235 1225 1282 et

170 1337 229 1402 pro
244 1315 359 1394 Sexto,
377 1337 436 1396 2¹3
455 1315 573 1403 Hygin.
596 1315 659 1380 l‘ab.
680 1317 739 1393 46,
761 1333 794 1381 et
810 1317 898 1382 alios.
921 1321 969 1382 An
986 1321 1019 1382 in
1038 1320 1134 1401 hujus
1151 1324 1223 1387 lacti

171 1422 354 1485 societatem
370 1422 493 1486 venerit
508 1421 617 1503 frater,
634 1423 758 1512 ignoro.
773 1425 936 1488 Conl'us'ns
953 1449 1035 1513 saepe
1051 1427 1104 1491 hic
1121 1427 1225 1492 Alcon

173 1526 375 1590 Atheniensis
393 1549 468 1590 cum
485 1528 628 1591 Cretensi
645 1528 822 1617 sagittario,
845 1553 940 1616 quem
960 1531 1086 1595 Servius
1104 1533 1143 1596 ad
1159 1533 1226 1596 Vir-

173 1631 239 1720 gilii
253 1631 273 1694 Ι.
288 1631 308 1693 l.
326 1629 369 1694 ibi
386 1629 476 1694 innui
495 1647 606 1718 putat,
624 1653 697 1696 nam
713 1649 744 1696 et
763 1651 910 1698 nostrum
925 1635 1022 1700 luisse
1038 1639 1113 1700 artis
1128 1639 1225 1726 sagit-

174 1735 261 1798 tandi
282 1726 528 1824 peritissimum,
551 1755 682 1826 apparet
698 1761 736 1803 ex
753 1739 829 1822 illis,
848 1763 920 1828 quae
931 1741 1073 1806 Valerius
1090 1743 1119 1807 ei
1137 1744 1227 1807 attri-

175 1841 262 1922 buit,
279 1857 312 1905 et
325 1841 494 1922 Manilius,
511 1867 539 1908 r.
559 1865 637 1929 299:

316 1983 474 2049 Quinetiam
487 1983 532 2038 ille
545 1997 620 2057 pater
633 1987 678 2038 tali
691 1985 725 2038 de
738 1985 822 2040 sidere
832 1999 919 2040 cretus

317 2071 378 2124 Esse
388 2083 487 2143 potest,
502 2072 547 2144 qui
560 2083 705 2146 serpentem
716 2092 793 2144 super
805 2092 852 2126 ora
865 2075 1003 2126 cubantem

317 2159 409 2212 Infelix
424 2160 495 2222 nati,
507 2177 684 2232 somnumque
694 2160 860 2232 animamque
869 2161 1001 2214 bibentem

316 2247 443 2300 Sustinuit
456 2248 533 2302 mimo
544 2261 649 2319 petere,
663 2260 688 2302 et
697 2261 860 2320 prosternere
869 2249 938 2315 telo,
953 2261 1002 2302 etc.

181 2385 244 2446 Ubi
260 2385 397 2474 Scaliger
411 2383 588 2466 videndus,
606 2388 661 2472 qui
677 2385 808 2450 adducit
826 2409 936 2450 versus
954 2385 1077 2450 Sidonii
1094 2386 1125 2448 in
1147 2405 1233 2448 eam·

181 2488 254 2552 dem
280 2513 365 2572 rem,
391 2490 431 2554 ad
457 2509 539 2578 quus
563 2489 634 2554 ride
660 2495 765 2557 Carm.
780 2492 820 2572 V,
847 2491 925 2571 154,
940 2489 1103 2554 Sirmondi
1123 2506 1232 2552 nous:

182 2618 281 2681 quare
297 2597 381 2660 forte
395 2597 538 2660 Valerius
556 2597 717 2662 Cretensis
736 2596 854 2658 lactant
875 2595 1063 2662 Atheniensi
1080 2593 1234 2658 attribue-

183 2700 233 2763 rit.
252 2701 437 2764 Eustathius
455 2701 623 2780 Alconem,
641 2701 776 2766 Pandori
800 2700 919 2781 filium,
942 2699 1113 2764 Erechthei
1138 2721 1237 2786 nepo·

184 2822 266 2886 tem,
284 2806 376 2888 lacit;
396 2805 469 2870 vide
485 2806 604 2870 Meurs.
623 2805 663 2870 dc
679 2805 792 2894 hegib.
813 2805 929 2870 Athen.
949 2804 1006 2872 lib.
1025 2805 1074 2883 Il,
1096 2827 1166 2891 cap.
1182 2803 1232 2866 13.

185 2910 276 2974 Alius
290 2909 392 2974 Alcon
408 2911 552 2998 Myleus,
569 2911 682 2974 artilex
696 2911 861 2998 egregius,
882 2925 1078 2974 memoratus
1090 2909 1130 2971 ab
1141 2907 1235 2972 Orid

186 3016 263 3078 Met.
276 3018 370 3095 xm,
384 3015 464 3098 6835
476 3013 557 3082 alius
566 3016 735 3104 Sicyonius
749 3016 827 3080 Stat.
838 3017 941 3080 Theb.
956 3017 1019 3095 lx,
1038 3037 1108 3095 rar,
1123 3013 1179 3077 ubi
1196 3013 1237 3076 de

187 3119 253 3184 aliis
270 3121 416 3184 barthius
430 3121 599 3187 videndus.
624 3124 666 3186 Et
687 3142 805 3186 nomen
826 3120 906 3188 illud
928 3122 1022 3185 etiam
1040 3119 1239 3207 temporibus

187 3227 419 3312 posterioribus
434 3227 585 3290 usitatum
607 3228 704 3291 luisse
721 3227 815 3292 docet
827 3227 929 3290 Alcon
944 3226 1140 3314 Saguntinus
1153 3223 1239 3312 apud

188 3332 254 3394 Liv.
273 3331 371 3412 XXl,
398 3353 452 3413 ¹23
476 3348 509 3394 et
527 3331 678 3420 chirurgo
696 3332 823 3396 cuidam
845 3333 878 3396 id
901 3333 1053 3420 imposuit
1072 3331 1240 3410 Martialis,

189 3436 236 3498 xl
246 3483 254 3516 ,
271 3433 324 3498 85.
340 3434 507 3522 Quidquid
524 3436 565 3499 sit
580 3434 621 3499 de
638 3437 760 3500 Alcone
780 3453 886 3523 patre,
909 3435 991 3500 lilius
1006 3435 1072 3515 ejus
1089 3435 1241 3498 Pholerus

189 3539 325 3620 dicitur,
345 3555 378 3604 et
398 3539 575 3629 Gortynam
594 3542 708 3605 urbem
730 3541 899 3604 Thessaliae
920 3539 1100 3604 condidisse
1119 3541 1159 3604 ab
1183 3541 1243 3603 Or·

191 3647 291 3733 phen,
319 3667 365 3709 rs.
394 3645 471 3726 ¹433
499 3645 588 3733 quod
619 3669 638 3708 a
669 3647 797 3710 nemine
828 3662 977 3732 praeterea
1011 3643 1090 3708 tradi
1122 3644 1244 3707 notavit

193 3751 480 3815 Escchenbachius.
494 3751 541 3815 Ab
557 3773 595 3814 co
614 3768 744 3839 portum
759 3749 945 3814 Pltnleretnn
961 3752 1054 3813 etiam
1072 3749 1246 3813 Athenien·

194 3857 283 3920 sibus
307 3873 466 3921 structum
493 3879 610 3922 nomen
634 3857 807 3944 accepisse,
832 3855 929 3919 tradit
952 3855 1086 3918 Pausan.
1115 3852 1169 3917 lib.
1195 3855 1245 3933 11,

194 3985 262 4050 cap.
281 3987 306 4026 r.
326 3963 479 4027 Praeterea
495 3963 529 4025 in
546 3963 666 4026 ltaliam
684 3962 801 4026 deinde
814 3977 1062 4050 transgressum,
1083 3959 1195 4022 urbem
1209 3981 1247 4021 ex

195 4093 256 4132 suo
272 4071 405 4133 nomine
423 4069 608 4148 Pltolcrnrn,
631 4093 701 4157 quae
725 4067 841 4132 deinde
860 4065 1069 4155 Parthenope,
1091 4081 1122 4130 et
1139 4081 1249 4152 postea

196 4175 346 4263 Neapolis
362 4177 425 4237 suit
440 4175 541 4256 dicta,
566 4174 746 4237 condidisse
759 4171 872 4236 Petrus
892 4173 936 4236 ln
952 4175 1032 4236 Seno
1048 4169 1088 4234 de
1107 4173 1249 4258 Gymna-

198 4281 245 4342 sio
261 4277 360 4366 Neap.
374 4303 441 4368 cap.
455 4281 519 4362 xl,
540 4289 555 4354 5
573 4283 608 4362 l,
626 4298 657 4344 ct
673 4279 793 4344 Camill.
814 4277 1005 4368 Peregrinus
1023 4277 1063 4341 de
1079 4277 1251 4365 Campania
