3150 5126
432 693 496 759 sed
512 717 615 782 quum
629 695 694 775 jam
711 694 834 759 medios
849 717 962 760 cursus
978 717 1045 760 uox
1058 711 1127 760 atra
1142 713 1280 777 teneret,
1405 715 1436 755 ει·
1560 699 1561 748 l

435 810 500 873 lret
516 823 548 874 et
566 808 718 874 occiduas
731 825 891 874 astrorum
909 811 1016 900 fislgor
1029 810 1063 874 in
1081 809 1200 892 undas,

432 923 536 988 Altior
549 923 665 988 invasit
680 940 786 988 nautae
802 941 872 988 tum
891 923 1013 988 lumina
1028 945 1177 1006 somnus3

432 1037 514 1101 lnde
530 1036 597 1103 deae
614 1037 764 1104 mandata
780 1039 867 1129 gravi
884 1060 951 1103 non
967 1061 1047 1104 vana
1065 1061 1182 1128 sopore

432 1151 618 1216 Horrisonae
635 1151 783 1216 instantis
800 1175 1028 1240 comprensum
1043 1152 1179 1218 Palladis
1196 1171 1328 1244 urgent,

1560 119 1561 170 l

389 567 452 650 296
824 561 1015 628 onnnrn

1560 785 1561 836 l

1560 883 1561 974 l

432 1267 574 1355 Fataque
592 1267 739 1332 divinum
758 1267 803 1332 sic
819 1285 867 1332 est
883 1291 920 1332 ea
939 1270 1047 1350 fronte
1064 1269 1180 1334 minaci
1195 1293 1203 1334 ι
1403 1287 1436 1326 ⁵³⁵

477 1413 490 1436 ι
500 1381 663 1471 Agniada,
684 1381 823 1464 dormis,
839 1405 956 1448 somno
971 1405 1121 1473 percusse
1137 1383 1316 1472 profundo,

432 1495 517 1560 Pelle
531 1511 642 1586 tegens
658 1497 788 1562 oculos!
804 1495 861 1560 sed
870 1498 936 1578 jam
950 1497 1154 1588 consurgito,
1169 1498 1286 1587 Tiphy,

432 1611 475 1674 Et
490 1623 598 1674 tutum
614 1609 656 1674 ad
672 1609 747 1674 litus
764 1611 847 1674 saltu
866 1609 908 1676 de
922 1633 1032 1700 puppe
1049 1609 1162 1691 jubeto

433 1725 484 1788 lre
498 1722 611 1806 duces,
625 1725 765 1790 informe
780 1740 892 1788 tenent
906 1725 963 1790 ubi
976 1747 1093 1814 corpus
1107 1749 1211 1792 arenae

429 1840 589 1928 Hospitis,
608 1839 803 1928 inferiasque
819 1840 886 1904 dari
902 1857 934 1904 et
950 1863 1007 1905 sua
1020 1843 1132 1906 lisnera
1148 1863 1248 1924 (πως
1406 1861 1439 1905 ⁵⁴·-

432 1953 488 2019 Dis
502 1955 592 2020 Rhea
606 1976 747 2044 namque
760 1955 853 2036 jubet
870 1979 957 2021 sacra
971 1973 1004 2022 et
1016 1957 1165 2021 libamina
1178 1959 1253 2022 ferri

431 2069 589 2151 lnfemis,
607 2070 777 2158 largosque
795 2069 896 2134 oculis
910 2069 1103 2135 stillantibus
1121 2071 1254 2154 imbres,
1349 2099 1357 2110 ·

431 2188 556 2272 Fasque
571 2185 679 2272 pium,
693 2201 790 2272 atque
804 2185 902 2264 hujus
917 2185 964 2249 sic
976 2186 1102 2274 hospita
1118 2207 1226 2250 mensa
1241 2187 1370 2268 colatur,

431 2299 539 2383 Quem
550 2298 658 2379 jaculo
678 2298 797 2362 invitus
812 2298 934 2380 trajecit
949 2299 1053 2364 noctis
1069 2299 1105 2362 in
1121 2298 1235 2364 umbra

429 2413 571 2497 Alcides,
596 2413 707 2501 iraque
723 2411 817 2478 deam
835 2414 999 2479 concussit
1015 2436 1132 2478 amara.
1403 2431 1439 2476 su

429 2531 487 2594 Ast
504 2528 561 2593 ubi
572 2527 678 2609 justus
693 2529 800 2593 honos
816 2527 945 2594 habitus
962 2527 1004 2593 de
1025 2551 1115 2594 more
1128 2531 1281 2618 sepulcri,
1412 2563 1414 2568 ·

428 2642 509 2708 lnde
524 2642 591 2706 deas
606 2641 771 2706 adsedem
790 2641 922 2706 venietis
938 2642 1125 2730 Dyndirnon
1144 2643 1260 2709 altam:

428 2757 489 2822 llic
505 2754 659 2844 placanda
676 2755 773 2820 sacris
785 2755 921 2820 Telluris
936 2752 998 2818 lilia
1013 2756 1168 2844 pulchris.

361 2918 367 2928 -
428 2872 522 2937 Tunc
534 2870 630 2934 funes
647 2869 795 2950 trahere,
817 2883 850 2932 et
865 2869 970 2933 ventis
989 2867 1065 2932 dare
1084 2871 1152 2934 vela
1173 2871 1281 2936 licebit
1291 2905 1312 2938 ι.

472 2987 548 3049 Haec
564 2984 622 3048 ubi
639 2984 704 3048 lata
721 2983 780 3048 dea
796 2998 864 3064 est,
884 2983 962 3048 abiit
974 3006 1127 3050 conversa
1142 2987 1253 3076 sagitta

425 3097 523 3160 Ocior
537 3095 578 3160 ad
592 3115 747 3184 superos:
762 3095 864 3158 oculis
880 3094 957 3159 hnic
973 3097 1062 3184 pellis
1078 3097 1190 3164 abacta
1203 3116 1267 3182 est,

428 3210 494 3292 Qui
510 3231 646 3296 propere
658 3209 806 3273 exsiliens
822 3209 980 3297 populum
992 3211 1132 3276 clamore
1146 3215 1294 3296 vocabat,

428 3325 513 3387 Hinc
526 3340 623 3410 atque
640 3322 716 3390 indc
732 3345 883 3404 movens3
904 3323 976 3388 illos
990 3347 1089 3414 sopor
1104 3327 1186 3391 altus
1203 3328 1347 3394 habebat.

425 3442 468 3504 At
484 3453 607 3501 tremor
625 3435 702 3500 hinc
716 3438 835 3519 animi,
855 3437 911 3502 sed
923 3454 1096 3526 postquam
1109 3463 1187 3506 voce
1200 3459 1327 3508 vocatos

426 3554 547 3617 Heroas
563 3549 674 3616 docuit
688 3573 747 3639 per
761 3573 915 3616 sonrnurn
930 3575 1004 3617 vera
1017 3555 1189 3642 loquutus,
1398 3575 1431 3613 sss
1560 3629 1561 3642 χ

427 3667 599 3730 Surrexere
613 3666 684 3747 citi,
701 3683 733 3730 et
746 3667 829 3730 saltu
843 3667 908 3747 jam
929 3667 1022 3732 litora
1036 3687 1185 3756 poscunt.

470 3781 556 3842 Tum
575 3801 702 3844 croceas
720 3782 846 3844 Aurora
863 3782 948 3846 faces
961 3781 1028 3861 jam
1044 3798 1138 3850 nocte
1154 3787 1261 3876 fugata

425 3893 644 3976 Praetendens,
661 3896 759 3961 rutilo
778 3897 948 3986 spargebat
962 3898 1086 3964 lumine
1099 3900 1223 3966 caelum.

424 4008 536 4089 Quum
554 4009 628 4072 celsi
644 4031 791 4096 proceres
810 4013 927 4101 Minyae
943 4012 1053 4077 videre
1069 4013 1203 4079 cadaver

424 4117 556 4183 Pulvere
572 4118 741 4203 foedatum,
759 4123 935 4212 liventique
950 4150 1006 4190 ora
1020 4150 1150 4210 cruore,

423 4231 532 4316 thue
549 4235 629 4297 feras
647 4236 738 4318 alias,
754 4239 897 4328 ingentia
914 4264 1065 4330 corpora,
1082 4243 1219 4324 circum,
