3150 5126
491 593 875 658 anGoNAnnrcs.
1155 594 1217 681 295

196 721 320 785 Eudori
335 721 476 811 AEnippe
490 725 615 812 peperit
632 725 773 789 formosa
789 725 904 812 puella.

241 837 302 901 Hic
319 836 419 926 igitur
435 859 546 903 mensa
560 839 685 928 Minyas
703 840 791 904 fovet
804 839 932 927 bospite
949 856 1101 920 cunctos,

196 951 450 1040 Flexipedesque
464 953 583 1034 bores,
601 954 803 1043 pinguesque
816 954 872 1019 dat
885 977 954 1018 esse
967 953 1144 1036 juvencos,
1184 975 1221 1014 ω

198 1067 409 1156 agrestesque
427 1061 519 1145 sues,
536 1083 569 1133 et
584 1068 675 1132 rubri
691 1070 807 1158 poeula
822 1069 908 1151 vini,

197 1182 239 1245 Et
254 1204 374 1270 panum
392 1183 541 1247 cumtdos
559 1182 649 1248 dono
665 1183 720 1248 dat
735 1185 893 1274 semper
908 1186 1021 1250 altum.

130 1291 133 1298 ’
196 1298 334 1385 Insuper
348 1313 382 1361 et
398 1311 521 1380 vestes,
535 1299 678 1380 tunicae,
694 1299 862 1389 pictosque
878 1316 1009 1389 tapetas.

197 1411 331 1476 Fecerat
349 1413 449 1477 aetatis
465 1435 524 1500 par
539 1414 609 1478 illos
626 1413 726 1503 gratia
742 1437 852 1494 caros,

195 1527 424 1615 Appositisque
439 1549 536 1592 suum
550 1543 598 1592 cst
611 1528 749 1618 dapibus
764 1543 900 1592 testatus
915 1551 1069 1595 eruorem.
1182 1551 1223 1588 ⁵⁰⁵

242 1639 305 1704 Sed
320 1657 492 1729 postquam
509 1642 630 1706 Oceani
644 1642 736 1706 latuit
754 1642 802 1706 sol
820 1663 944 1706 mersus
961 1645 994 1706 in
1012 1644 1127 1726 undis„

197 1757 352 1845 Lunaque
367 1772 566 1824 nocturnum
583 1757 681 1820 stellis
699 1745 826 1820 induxit
838 1757 1023 1840 honorem,

196 1870 325 1934 Prosilit
339 1871 463 1935 Arctois
479 1870 582 1959 pubes
600 1887 680 1936 tune
698 1871 814 1936 Martia
831 1871 934 1954 silvis,

196 1983 431 2071 Persimilisque
447 1985 523 2048 loris
540 1985 635 2064 facies
654 1986 716 2049 fuit
729 1981 880 2068 horrida,
901 1988 1012 2074 quales

194 2099 325 2162 'l'itrnas
339 2100 500 2181 referunt,
515 2101 652 2164 fortesve
667 2100 765 2164 luisse
778 2101 942 2190 Gigantes.
1183 2123 1220 2160 σω

195 2211 279 2275 Nam
293 2235 348 2276 sex
361 2213 479 2300 cuique
493 2214 618 2278 inerant
631 2235 707 2277 cum
723 2211 813 2278 duris
830 2215 960 2278 brachia
977 2215 1105 2280 dextris.

197 2327 289 2409 Quos
307 2327 403 2392 simul
421 2344 458 2391 ut
474 2344 568 2392 torvo
583 2325 736 2394 viderunt
753 2329 876 2394 lumine
892 2351 999 2418 teges,

196 2442 235 2502 ln
253 2461 396 2528 pugnam
410 2456 442 2505 et
458 2440 558 2505 duros
575 2460 747 2506 assumunt
759 2465 847 2507 arma
863 2444 998 2508 labores.

194 2557 388 2647 Pugnabant
404 2559 449 2622 illi
464 2559 563 2647 piceis
579 2561 742 2648 hastisque
755 2561 917 2650 abiegnis;

197 2673 238 2735 Et
256 2673 381 2762 Minyas
394 2675 536 2740 tenebris
551 2675 711 2740 invadunt
725 2677 829 2740 noetis
847 2695 965 2765 opacae.
1180 2691 1218 2728 ⁵¹⁵

195 2787 260 2851 Sed
283 2804 402 2852 temere
417 2790 571 2853 instantes
586 2806 678 2854 natus
691 2793 770 2854 Jove
784 2790 912 2853 fortiter
922 2813 999 2852 arcu

195 2900 357 2966 Stridente
373 2903 511 2984 occidit,
530 2906 683 2984 juvenem
700 2927 832 2991 quoque
849 2902 992 2992 perdidit
1009 2926 1073 2966 una

195 3017 356 3102 Cyzicon,
373 3017 493 3081 invitus
509 3017 600 3100 licet,
624 3033 721 3105 atque
741 3035 874 3081 errasset
892 3019 925 3080 in
941 3017 1015 3098 illo,

198 3129 274 3193 Fata
292 3129 348 3194 sed
365 3131 522 3220 urgebant
543 3131 659 3197 Alcide
676 3131 871 3195 occumbere
887 3131 1008 3196 dextra.

197 3243 310 3324 Quum
327 3243 487 3308 subitoin
502 3246 638 3333 puppim
656 3247 739 3309 saltu
756 3248 942 3310 releruntur
956 3244 1114 3310 aduncam
1181 3266 1219 3303 διο

197 3357 319 3420 Armati
334 3357 472 3446 Minyae,
488 3373 585 3446 atque
599 3383 711 3423 omnes
730 3383 787 3424 sua
805 3377 942 3425 transtra
958 3362 1128 3442 tenebant,

196 3470 319 3558 Tiphys
335 3470 377 3534 ab
394 3472 517 3535 excelsa
532 3471 588 3536 dat
603 3472 694 3536 sibila
707 3487 835 3561 puppe,
854 3474 1014 3562 jubetque

196 3585 235 3646 In
255 3604 368 3648 navem
386 3585 567 3674 scalamque
583 3587 685 3668 trahi,
700 3587 846 3676 solvique
870 3589 1033 3654 rudentes.

197 3698 240 3759 At
257 3719 324 3760 nou
340 3700 513 3763 solvuntur
533 3702 647 3782 lones,
665 3701 722 3766 sed
741 3725 821 3766 nave
840 3716 965 3766 retenta

196 3813 326 3878 Arctius
341 3814 505 3878 herebant
520 3815 635 3880 subitae
653 3815 693 3879 de
710 3838 801 3879 more
821 3816 966 3903 procellae
1179 3834 1216 3872 ⁵2⁵

197 3929 333 3992 Vincula
351 3928 535 3996 nodorum:
552 3931 677 4018 stupuit
692 3946 761 3994 tum
780 3929 886 3992 navita
903 3929 1025 4016 Tiphys

196 4037 368 4132 Egregius,
379 4047 443 4125 jam
460 4069 539 4110 voce
554 4067 665 4109 carens
682 4061 714 4108 et
730 4045 866 4132 liquerat
880 4045 982 4132 Argus

195 4161 390 4240 Toronen,
405 4157 522 4224 fluctus
535 4183 646 4249 exspes
661 4161 794 4224 evadere
809 4176 931 4239 tantos,

196 4271 390 4362 Indignantc
401 4275 490 4340 llheu
505 4275 661 4364 populum
677 4297 733 4363 per
747 4277 878 4340 vulnera
892 4297 1019 4339 cmsum.
