3192 5138
349 452 757 538 ARGONAUTICON,
788 455 874 524 LIB.
893 454 994 522 Vlll.
1153 478 1217 542 209

184 581 358 666 Chimerii,
375 607 479 668 soror,
493 585 690 652 AEsonides?
707 588 862 678 relegitne
879 588 988 676 priora
1180 608 1219 648 sss

185 698 322 765 Litora?
343 701 394 764 vel
410 716 524 789 portus
541 701 621 766 alios
641 703 810 768 subiturus
834 719 867 767 et
883 701 1003 770 urbes?
1019 733 1032 759 υ

187 815 295 880 Fallax
307 831 345 880 ut
356 815 491 896 juvenes
507 815 641 899 Graios,
654 819 842 906 pubemque
855 817 1020 908 Pelasgam

185 929 331 1018 Excipiat
344 929 451 1014 ferm,
470 947 568 1020 atque
582 932 714 1000 inimico
728 935 849 1023 remige
865 932 1006 1014 claudat3

188 1045 300 1128 Quum
320 1045 430 1110 subito
442 1045 616 1113 AEsonides
635 1047 742 1114 densis
763 1048 853 1114 subit
869 1065 959 1113 actus
975 1048 1016 1113 ab
1031 1048 1172 1132 umbris,

186 1160 379 1248 Attollitque
410 1181 510 1226 manu
534 1161 694 1228 nudatum
720 1163 861 1228 fervidus
884 1185 1008 1230 ensem.
1181 1185 1219 1226 sss

188 1277 231 1340 At
243 1270 335 1366 virgo
350 1277 452 1342 velata
468 1277 601 1361 oculos,
617 1293 650 1344 et
669 1279 776 1346 fronte
792 1279 941 1364 reducta,

186 1391 328 1454 Cernere
344 1413 410 1454 non
431 1391 539 1479 potuit
557 1393 726 1457 morientis
743 1394 878 1460 vulnera
895 1394 1019 1460 fratris:

186 1503 357 1593 Impietate
370 1505 423 1594 pia
437 1522 496 1570 est.
516 1506 630 1589 Qualis
643 1505 767 1591 cervice
777 1505 937 1588 juvencus

186 1618 320 1684 Saucius
334 1642 353 1682 a
366 1619 488 1707 Libyco
504 1619 642 1684 reboans
657 1621 799 1685 immane
813 1621 909 1685 leone

187 1735 227 1799 Se
241 1751 338 1816 rotat,
357 1751 390 1799 et
406 1735 492 1824 gyris
509 1733 722 1800 redeuntibus
735 1736 879 1824 implicat
892 1736 1003 1801 orbes:

188 1849 273 1914 'l'alis
290 1848 332 1914 ab
348 1848 506 1914 AEmonio
526 1872 698 1938 percussus
715 1851 872 1916 Ponticus
884 1867 967 1915 ’ense

186 1963 361 2052 Absyrtus,
380 1963 454 2029 licet
471 1964 648 2048 attonitus,
662 1981 696 2028 et
710 1963 808 2028 corde
824 1965 930 2054 gelato

187 2077 326 2160 Saxeus,
341 2094 428 2142 arma
443 2095 551 2142 tamen
562 2079 759 2160 juvenilibus
773 2097 845 2168 apta
860 2081 985 2146 lacertis

189 2193 348 2283 Corripit,
365 2209 397 2258 et
414 2215 498 2258 soevo
511 2195 575 2260 fert
590 2195 776 2260 comminus
790 2217 847 2260 ora
860 2212 1016 2292 tyranno.

187 2309 357 2374 vestibulo
370 2310 405 2373 in
421 2311 543 2398 primo,
563 2326 737 2398 postquam
752 2311 914 2376 manantia
928 2314 1047 2378 frustra

188 2423 329 2490 Vulnera
346 2424 481 2489 tentavit
498 2423 637 2514 geminis
651 2447 858 2514 compescere
872 2428 1005 2514 palmis,

188 2539 342 2604 Luctatus
359 2539 517 2620 multum,
540 2537 641 2602 calida
655 2540 841 2628 procrunbit
859 2561 972 2624 arena,

188 2655 364 2744 Dianaeque
378 2656 506 2720 tbolum
523 2653 723 2720 moribundo
739 2655 862 2720 lumine
881 2657 1003 2744 cernit,

190 2770 297 2853 Quem
313 2771 434 2858 Brygos
449 2791 588 2834 sacrasse
607 2769 693 2832 viros
707 2769 770 2833 fert
784 2785 870 2832 certa
884 2785 1035 2837 vetustas.

188 2885 315 2949 Avertit
334 2883 438 2948 Diana
457 2883 585 2966 oculos,
610 2884 806 2972 scelerisque
826 2883 957 2949 nefandi
1053 2901 1062 2924 ⁸
1135 2869 1138 2874 ¹

187 2999 325 3064 Horruit
342 3021 415 3063 orsa
434 3015 526 3062 atrox
543 3015 575 3064 et
589 3021 663 3086 quae
682 2997 793 3062 domat
806 3000 915 3063 omnia
932 3001 1081 3091 Erinnys.
1154 3043 1156 3048 ·

190 3113 279 3197 Quin
298 3113 405 3196 faciles
423 3113 531 3178 medio
548 3129 744 3202 gemuerunt
760 3111 864 3178 flebile
880 3132 983 3204 ponto

186 3227 365 3310 Nereides3
389 3229 571 3316 'l'ritonque
590 3227 667 3290 tuba
690 3228 843 3292 cecinisse
861 3232 1010 3317 querenti

186 3343 316 3424 Fertur,
332 3359 365 3407 ct
383 3342 550 3431 exsequias
564 3341 673 3422 juveni
691 3339 822 3407 duxisse
838 3362 1018 3432 perempto.

188 3457 417 3522 Membrorum
435 3472 594 3521 extremas
620 3471 651 3518 et
672 3457 769 3521 vestis
792 3459 954 3523 Anauu'us
975 3460 1072 3527 heros

188 3571 375 3636 Concidens
393 3587 518 3662 partes,
540 3585 591 3633 ter
605 3569 771 3633 hiantibus
786 3570 895 3634 oscula
907 3572 1016 3663 jungit

187 3685 404 3768 Vulneribus,
421 3684 541 3750 caedem
560 3699 610 3748 ter
625 3683 768 3771 respuit,
785 3683 948 3772 impiaque
965 3709 1041 3752 ausa

187 3801 353 3876 Devovet,
373 3821 410 3864 ac
426 3821 514 3864 saevae
527 3814 577 3862 ter
592 3797 707 3861 lustrat
723 3797 863 3886 imagine
880 3798 992 3882 cardis,

187 3915 359 3979 Exstincto
376 3931 560 4002 terramque
577 3913 701 3994 levem,
717 3911 941 4002 placidamque
957 3916 1118 4003 quietem,

187 4033 423 4118 Tartareosque
437 4053 550 4110 canes,
569 4029 681 4093 mitem
699 4045 730 4092 et
748 4029 859 4093 Minoa
876 4046 1041 4118 precatus,

188 4145 311 4234 Elysias
329 4144 438 4227 sedes,
459 4163 492 4208 et
508 4165 634 4208 amoena
650 4142 750 4206 vireta
766 4142 906 4230 piorum.

438 4281 907 4313 'mm-*-

255 4329 297 4392 11.
1041 4335 1079 4412 tq
