3150 5126
449 563 878 631 ARGONAUTARUM.
1049 558 1054 564 ’
1131 561 1195 649 359

134 686 350 776 expeditionis
369 687 516 774 scriptori
539 687 704 775 preteriti:
723 709 818 750 nemo
841 688 968 772 ignorat
989 685 1084 747 etiam
1107 685 1194 748 lovis

134 809 168 856 et
185 784 279 855 Ledae
293 791 377 856 filios
393 791 466 856 dici.
486 795 523 858 ln
539 815 602 879 qua
619 791 744 882 generis
758 790 884 879 origine
904 791 967 853 hoc
983 791 1105 872 solum,
1120 791 1196 878 quia
1219 830 1228 847 t

133 899 244 962 omnia
277 899 399 985 reliqua
424 898 535 978 obvia,
561 895 814 976 observandum,
841 895 931 983 quod
956 896 1057 960 etiam
1088 896 1196 959 Jasoni

132 1004 302 1082 conjuncti
320 1003 411 1067 fuere
429 987 600 1093 sanguine,
616 1019 649 1067 et
665 1003 814 1066 familiam
830 1000 1033 1066 AEolidarum
1050 1001 1195 1088 contige·

134 1113 211 1176 rint.
227 1111 312 1176 AEoli
334 1111 420 1174 enim
445 1111 507 1176 filia
529 1112 590 1175 fuit
612 1111 745 1199 Calyce,
762 1134 834 1197 quae
856 1133 892 1173 ex
911 1109 1035 1174 AEthlio
1058 1109 1197 1195 suscepit

135 1215 451 1305 Endymiona,cujus
464 1215 547 1280 lilius
558 1215 698 1296 AEtolus,
710 1215 778 1295 ejus
787 1215 937 1294 Pleuron,
950 1215 1046 1294 bujus
1057 1216 1195 1304 Agenor,

132 1323 220 1386 illius
231 1323 423 1418 demonico,
434 1345 505 1410 quae
514 1345 554 1386 ex
563 1323 666 1386 Marte
680 1322 753 1388 tulit
763 1322 942 1402 Thestium,
951 1338 1072 1409 patrem
1084 1319 1194 1396 Ledae,

134 1427 192 1514 qui
208 1450 264 1491 rex
280 1428 341 1513 fuit
352 1425 570 1510 AEtoliae3rid.
587 1421 737 1514 Apollod.
752 1425 809 1489 lib.
827 1427 841 1490 l
850 1475 859 1507 ,
873 1449 942 1512 cap.
958 1449 988 1512 7.
1001 1424 1063 1490 Sed
1079 1426 1113 1488 in
1132 1425 1195 1488 hoc

135 1549 304 1596 stemmate
331 1533 394 1596 boc
423 1531 688 1613 incommodum,
714 1531 802 1619 quod
832 1556 933 1620 quum
968 1546 1017 1594 tot
1043 1529 1194 1620 gradibus

135 1638 285 1702 Thestius
313 1639 352 1702 ab
369 1638 465 1702 AEolo
489 1637 601 1714 distet,
615 1639 667 1702 vix
689 1639 758 1718 ejus
780 1654 854 1708 aetas
877 1638 1077 1726 temporibus
1097 1637 1194 1716 hujus

134 1745 256 1808 militiae
282 1767 461 1834 congruere
485 1768 579 1833 posse
600 1744 738 1827 ridetur,
764 1744 815 1808 cui
844 1761 892 1809 tot
916 1743 1033 1808 dedere
1062 1743 1194 1806 nomina

134 1850 254 1936 posteri
269 1849 370 1931 AEoli,
382 1850 485 1914 multo
508 1851 658 1938 propiore
683 1849 784 1939 gradu
797 1871 872 1912 eum
886 1849 1119 1937 contingentes.
1131 1847 1195 1912 Sed

133 1955 220 2019 idem
237 1956 272 2018 in
287 1959 411 2036 Aureo,
423 1955 543 2045 lpln'clo
556 1971 589 2019 et
603 1955 672 2018 aliis
687 1956 844 2029 occurrit,
858 1977 917 2018 nec
934 1956 1012 2018 tales
1038 1955 1072 2016 in
1093 1954 1195 2018 histo·

135 2065 181 2126 ria
198 2065 339 2153 mythice
357 2063 434 2128 nodi
453 2086 513 2127 nos
531 2063 648 2127 morari
666 2060 802 2143 debent,
818 2083 921 2149 quum
943 2084 1026 2149 saepe
1048 2061 1193 2142 ejusdem

134 2169 276 2232 nominis
292 2191 367 2232 artis
383 2185 415 2232 et
430 2185 563 2257 nepotes
580 2166 786 2232 confuderint
800 2183 920 2256 poetae3
935 2183 1072 2254 possunt
1086 2183 1192 2230 tamen

135 2275 284 2338 Dioscuri
305 2275 438 2362 propius
452 2274 548 2340 AEolo
569 2273 751 2356 admo'veri,
764 2275 789 2338 si
809 2297 866 2362 pet·
888 2290 1010 2363 patrem
1025 2270 1194 2361 Tyndareo

133 2380 365 2446 ascendamus:
391 2382 444 2446 ille
466 2382 551 2446 enim
575 2380 659 2445 filius
679 2381 829 2461 Perieris,
847 2396 879 2444 et
894 2403 995 2468 nepos
1010 2379 1095 2444 AEoli
1112 2381 1197 2461 fuit,

135 2503 172 2548 ut
185 2486 403 2574 Apollodorus
419 2471 551 2550 stemma
570 2486 716 2568 deducit,
730 2486 783 2550 lib.
800 2488 833 2565 l,
847 2510 915 2574 cap.
931 2509 969 2573 9,
985 2493 1002 2567 §
1019 2487 1057 2568 53
1072 2486 1127 2572 qui
1144 2501 1190 2549 ta·

135 2613 209 2656 men
236 2591 314 2656 alios
339 2593 498 2656 Perierem
524 2595 673 2679 Cynortae
690 2589 791 2654 filiurn
810 2591 913 2654 lucere
935 2588 1041 2671 addit,
1054 2591 1110 2678 qui
1130 2592 1193 2654 fuit

133 2694 216 2760 filius
230 2699 381 2785 Amyclae3
398 2714 431 2760 et
446 2699 522 2760 hinc
538 2698 593 2762 lib.
611 2698 675 2775 ΙΙΙ,
690 2719 758 2783 cap.
773 2719 821 2776 ιο,
836 2706 851 2772 s
864 2695 882 2760 3
898 2713 930 2759 et
946 2700 1034 2776 4,οκ
1048 2697 1192 2782 Cynorta

134 2801 265 2866 deducit
283 2803 459 2884 Perierem,
472 2826 511 2867 ex
535 2803 590 2867 illo
609 2803 789 2882 OEbalum,
804 2818 837 2867 et
855 2825 894 2864 ex
910 2825 950 2865 eo
963 2799 1170 2886 Tyndareum
1184 2825 1193 2880 ς

133 2909 190 2972 sed
222 2909 298 2973 hinc
326 2909 420 2973 etiam
454 2909 708 2997 perturbationes
740 2910 886 2997 plurimae
921 2925 1130 2996 temporum:
1163 2907 1190 2968 si

131 3014 221 3077 ‘enim
255 3015 444 3104 Tyndareus
486 3015 598 3079 tertius
632 3015 672 3078 ab
702 3014 818 3096 AEolo,
860 3015 915 3102 qui
944 3012 1051 3102 potuit
1083 3011 1193 3090 Leda,

133 3143 205 3206 quse
233 3143 318 3186 nona
345 3122 386 3184 ab
415 3122 470 3185 illo
494 3121 572 3202 luit,
589 3119 657 3201 ejus
679 3121 797 3200 conjux
825 3119 942 3184 luisse?
958 3142 1064 3207 neque
1095 3119 1188 3183 etiam

131 3227 246 3289 Castor
257 3242 289 3290 et
302 3227 416 3290 Pollux
428 3228 532 3290 multo
544 3226 625 3290 infra
637 3226 706 3289 hacc
717 3242 859 3314 tempora
871 3225 1075 3308 detrudendi,
1087 3248 1190 3313 quum

132 3329 348 3411 anteTrojani
373 3332 447 3395 belli
472 3348 616 3419 tempora
634 3330 698 3409 jam
715 3355 733 3394 e
752 3329 857 3395 medio
875 3332 1084 3412 excesserint3
1100 3333 1190 3419 quod

133 3435 159 3496 si
177 3436 272 3498 etiam
283 3459 395 3499 verum
410 3436 466 3516 sit,
479 3436 535 3522 qui
554 3434 705 3499 credibile
720 3451 768 3498 est
781 3435 952 3516 Helenam,
966 3458 1080 3499 eorum
1097 3459 1189 3498 soro·

132 3565 218 3624 rem,
232 3543 306 3607 belli
317 3543 450 3625 Trojani
467 3544 610 3630 potuisse
626 3566 695 3608 esse
711 3543 897 3607 auctorem?
908 3544 934 3607 si
953 3545 1039 3607 enim
1056 3543 1107 3606 illa
1127 3542 1188 3607 filia

131 3647 291 3736 Tyndarei
306 3649 385 3730 luit,
400 3649 596 3736 decrepitam
613 3671 711 3711 anum
725 3649 838 3728 fuisse,
849 3671 951 3734 quum
965 3648 1095 3727 'frojam
1105 3649 1190 3712 irent

130 3753 249 3834 Graeci,
267 3771 413 3842 oportet;
428 3777 525 3842 quem
544 3751 669 3817 nodum
686 3776 752 3816 non
769 3753 860 3816 aliter
882 3754 976 3817 solvit
1000 3754 1128 3817 Servius
1147 3753 1188 3816 ad

131 3857 219 3946 Virg.
235 3859 361 3924 AEneid.
387 3861 438 3942 ll,
455 3860 515 3924 601
528 3909 537 3942 ,
552 3859 613 3922 nisi
636 3857 736 3946 quod
748 3859 862 3922 Pollux
881 3875 913 3922 et
931 3859 1051 3922 Helena
1068 3859 1188 3922 luerint
1304 3855 1306 3858 ’

127 3965 342 4046 immortales,
354 3965 492 4053 ideoque
504 3988 571 4029 non
586 3981 721 4028 senectae
732 3964 815 4028 vitiis
827 3965 976 4044 obnoxii,
989 3967 1102 4028 Castor
1112 3987 1187 4027 vero

130 4070 374 4157 mortali53qurc
397 4072 479 4134 ratio
505 4071 585 4134 nulli
607 4070 786 4133 satisfacere
808 4070 935 4156 poterit.
952 4069 1041 4134 Idem
1060 4069 1186 4132 Servius

129 4175 294 4254 observat,
317 4179 573 4265 Argonautartun
599 4175 680 4240 lilios
705 4175 887 4238 interfuisse
910 4175 995 4254 bello
1013 4174 1186 4254 Thebano,
1214 4202 1220 4216 ·

131 4279 262 4344 illorum
285 4305 361 4344 vero
385 4281 465 4346 lilios
487 4282 646 4363 Trojano;
670 4279 725 4344 sed
748 4281 981 4345 inextricabiles
1003 4281 1064 4344 bos
1087 4279 1189 4344 nodos

886 4425 906 4480 t
