3102 5128
334 537 394 610 rol
635 534 670 594 C.
695 533 891 597 VALERII
922 532 1094 595 FLACCI

377 662 465 744 Quid
484 685 535 725 nte
553 678 661 724 nutem
677 663 724 725 sic
739 663 792 726 ille
811 677 938 743 movet,
958 675 1131 748 superetne
1148 657 1286 736 labores,

380 783 427 842 An
448 775 553 857 ardet,
574 792 606 840 et
624 793 714 842 tanto
731 779 883 840 turbetur
899 777 1022 843 Graecia
1036 774 1148 839 luctu?

378 892 513 970 Saltem,
525 884 596 954 'fate
612 891 716 954 virum
734 893 760 954 si
777 891 840 969 jorn
857 900 1006 980 suprema
1024 888 1184 966 ferebant,

379 1008 492 1068 iussus
508 1003 548 1068 ad
564 1005 692 1094 ignotos
708 1006 817 1092 potius
835 1007 917 1068 foret
934 1007 982 1068 ire
999 1004 1169 1092 tyrannos!

382 1122 411 1184 Ο
429 1121 570 1200 utinam,
589 1136 622 1183 et
638 1118 767 1183 tandem
786 1141 851 1183 non
869 1120 930 1184 hec
952 1136 1133 1184 moreretur
1149 1118 1182 1179 in
1198 1115 1294 1179 urbe!
1363 1129 1400 1168 ¹³⁵

382 1234 531 1322 Namque
546 1249 579 1297 et
593 1231 718 1296 sidereo
736 1235 838 1297 nostri
855 1233 897 1297 de
914 1235 1070 1323 sanguine
1086 1231 1204 1318 Phryxi

383 1349 527 1428 Dicitur3
545 1364 697 1411 eteorum
714 1346 779 1410 vidi
797 1347 974 1412 indoluisse
991 1369 1153 1412 sororem:

384 1463 488 1550 Seque
506 1464 550 1525 nit
565 1462 622 1524 lras
638 1462 733 1542 jussis
749 1477 857 1524 actum
876 1463 974 1524 miser
991 1463 1038 1524 ire
1056 1483 1115 1548 per
1130 1459 1245 1524 undas.

387 1579 453 1640 Aut
469 1573 578 1638 redeat
595 1595 804 1662 quocumque
821 1573 935 1653 modo,
954 1595 1070 1661 tneque
1086 1574 1146 1638 iste
1162 1574 1286 1662 precari

386 1691 530 1771 Nesciat,
547 1707 642 1778 atque
659 1711 768 1753 meum
789 1713 855 1754 non
872 1689 976 1754 oderit
992 1690 1044 1754 ille
1060 1705 1257 1777 parentemn.
1368 1709 1406 1748 uu

376 1897 426 1942 138.
444 1899 489 1942 Per
504 1896 600 1940 umbras.
614 1895 687 1940 Vatic.
705 1905 727 1940 et
744 1898 834 1941 Bonon.
851 1895 919 1940 eudd.
936 1897 1024 1940 Boron.
1041 1896 1049 1938 l
1069 1901 1091 1940 et
1107 1895 1138 1940 ll.
1158 1919 1187 1930 -
1209 1896 1260 1954 139.
1276 1899 1307 1940 At
1321 1896 1406 1940 redcat.

346 1980 434 2022 Boron.
454 1975 483 2020 ll.
503 1975 586 2019 Meter.
608 1975 706 2034 lingent.
723 2001 752 2008 -
773 1983 822 2030 tto.
841 1975 925 2020 Ode-m
937 1976 1027 2020 Borion.
1044 1985 1066 2020 et
1077 1977 1154 2019 Burro.
1169 1974 1237 2020 redd.
1255 1977 1297 2022 Eo.

346 2187 514 2260 cogitaverit,
539 2201 565 2236 ut
591 2205 622 2236 ne
644 2205 732 2236 nomeu
757 2189 855 2254 quidem
899 2186 966 2252 dus,
980 2185 1077 2238 nedum
1095 2185 1224 2256 superbie
1242 2186 1408 2258 culpandus,

345 2287 423 2318 meum
436 2269 461 2316 in
473 2269 580 2332 patrum
594 2267 692 2332 referat.
900 2271 937 2317 ait
950 2284 978 2318 ie
990 2284 1045 2319 non
1057 2277 1150 2336 sponte
1162 2283 1193 2318 nc
1211 2279 1309 2318 temere
1328 2268 1409 2319 mulo·

385 2345 442 2398 131.
452 2342 525 2408 Quid
540 2356 628 2399 eutem
646 2362 705 2396 rnen
720 2355 856 2418 tantopere
899 2365 952 2417 que
962 2346 1070 2398 consilio
1081 2384 1089 2408 ,
1099 2345 1146 2398 sed
1156 2345 1233 2398 petie
1238 2347 1314 2413 jussis
1328 2363 1410 2398 acurm

280 2423 288 2433 ⁸
348 2424 466 2487 intersit,
486 2439 610 2491 superetur
630 2428 724 2475 labores
742 2445 757 2476 u
780 2439 855 2498 petre
900 2425 953 2478 huc
966 2426 1072 2480 venisse.

345 2509 445 2577 jussos,
457 2523 490 2554 an
499 2505 588 2562 cadat,
597 2517 686 2575 pereat
697 2507 707 2573 (
714 2503 786 2558 hund
797 2526 855 2578 per-
940 2507 998 2573 139.
1011 2511 1167 2573 Quocrrmqne
1177 2509 1250 2558 inodo
1257 2543 1264 2567 ,
1278 2507 1333 2558 sive
1341 2508 1410 2578 poti·

348 2581 563 2638 indetamenribi
574 2583 741 2649 esee,etatinr
754 2585 857 2656 prodit,
902 2597 943 2638 tus
966 2585 1076 2648 vellere,
1099 2585 1154 2638 sive
1182 2575 1235 2657 tpe'
1254 2584 1412 2648 destitutis,

348 2664 422 2716 addit
433 2663 517 2716 enim:
532 2667 541 2730 )
554 2679 578 2714 et
591 2678 660 2714 tanto
675 2667 783 2714 turbetur
792 2669 858 2715 (ἕνω-
902 2676 964 2734 opto
978 2676 1007 2716 ut
1022 2668 1106 2716 redeat
1122 2665 1148 2716 in
1167 2664 1313 2732 Graeciam,
1330 2676 1356 2718 et
1368 2685 1414 2718 ne·

349 2749 388 2796 cia
407 2747 471 2795 luctu
481 2753 494 2793 .³
511 2741 654 2796 dolendum
673 2761 767 2814 nempe
787 2763 857 2806 esse,
903 2744 967 2797 sciet
976 2765 1018 2798 tue
1026 2748 1073 2796 ista
1078 2748 1194 2812 precari,
1205 2764 1254 2816 pro
1263 2748 1320 2818 ejus
1329 2745 1415 2797 salute

350 2825 369 2878 si
384 2836 436 2878 tent
452 2821 547 2894 egregii
565 2821 671 2894 juvenis
684 2821 785 2874 obitum
805 2834 859 2875 tota
904 2834 965 2876 rutn
980 2824 1083 2887 lucere,
1097 2836 1123 2876 et
1134 2844 1213 2876 meum
1221 2839 1349 2898 purentem
1362 2845 1414 2876 non

351 2903 451 2956 Graecia
465 2901 592 2974 deploret.
905 2905 999 2954 odem:
1017 2903 1137 2974 egregius
1159 2922 1264 2966 oeneus,
1281 2903 1308 2958 ni
1326 2903 1415 2956 subes-

390 2983 448 3035 133.
458 2985 548 3032 Saltem
557 2983 580 3030 ει·
588 2983 650 3048 sata
660 2983 740 3030 virum
748 2983 815 3047 jam,
832 2979 860 3032 in
905 2993 944 3034 set
957 2992 1087 3034 metusne
1100 2981 1153 3034 odii
1166 3001 1227 3054 pere
1238 2982 1265 3034 in
1278 2983 1360 3035 filiam
1370 3001 1414 3036 re·

351 3061 417 3114 ssore
436 3059 517 3112 etatis
538 3059 725 3121 constitutum,
749 3078 860 3126 suprema
893 3057 977 3112 ¹oidnt
991 3063 1036 3130 (v.
1055 3059 1123 3112 iufra
1139 3067 1208 3124 nol:
1224 3080 1326 3130 cumque
1337 3065 1417 3113 omni·

294 3141 295 3146 ’
344 3145 476 3208 serebant,
491 3135 540 3209 ipsi
554 3135 725 3189 moriundum
739 3149 805 3202 eret,
818 3141 861 3189 nti-
905 3143 948 3189 bus
963 3142 1015 3191 odit
1030 3144 1069 3190 Me
1082 3142 1206 3208 quoque).
1221 3139 1318 3192 Mirum
1332 3158 1418 3210 quen·

354 3239 411 3270 iram
423 3221 506 3284 jnsnes
526 3228 591 3268 esset
614 3217 651 3265 ad
676 3219 786 3284 egrnotos,
801 3235 860 3280 ¹non
905 3231 961 3270 tum
979 3217 1143 3272 titValerius
1165 3219 1310 3272 affectuum
1333 3219 1416 3270 animi

353 3309 479 3370 cognatos
490 3297 500 3363 (
510 3297 560 3348 hoc
580 3294 694 3347 tundent
707 3295 860 3365 sequentia:
905 3296 1099 3368 pingendornm
1115 3297 1223 3369 peritus.
1243 3295 1316 3364 Quid
1334 3297 1417 3350 refert

353 3382 400 3430 tac
420 3380 445 3428 in
470 3379 544 3434 urbe,
562 3391 585 3424 et
604 3376 681 3426 nostri
698 3378 729 3424 de
744 3378 863 3442 sanguine
906 3387 995 3428 unum
1007 3377 1188 3428 JasonAEeten
1197 3377 1296 3439 oderit,
1307 3395 1357 3428 nec
1366 3375 1418 3428 nei

354 3458 469 3524 Phryxi),
482 3459 517 3504 ire
530 3470 655 3521 praenes.
906 3455 978 3508 Nihil
991 3455 1064 3508 eliud
1074 3456 1126 3509 hoc
1134 3467 1174 3508 est
1182 3474 1262 3528 quam
1273 3454 1417 3519 excusatio,

392 3537 451 3588 136.
463 3537 575 3600 Namque
588 3547 612 3582 et
625 3535 763 3594 sidereo,e
780 3545 863 3586 matre
907 3555 960 3607 qua
978 3553 1066 3588 seeum
1089 3535 1171 3587 utitur
1188 3533 1298 3600 Medea,
1319 3547 1348 3586 ut
1366 3533 1418 3587 ribi

355 3616 423 3668 enim
435 3612 550 3684 Nephele
558 3609 591 3663 ad
601 3609 665 3664 deor
673 3630 757 3682 genus
766 3613 863 3666 refere-
906 3617 984 3669 liceat
994 3634 1043 3668 suo
1052 3615 1079 3667 in
1093 3616 1217 3668 insonent
1230 3613 1318 3667 studio
1330 3613 1420 3668 indul·

355 3697 417 3758 bnt,
436 3696 515 3744 nostri
530 3695 561 3743 de
576 3695 694 3759 sangnine
707 3695 802 3760 Phryxi
817 3711 862 3744 co·
906 3713 984 3765 gere,
1005 3692 1069 3746 dum
1093 3693 1143 3747 sibi
1163 3692 1268 3747 videtur
1285 3693 1324 3744 nil
1345 3693 1418 3746 uliud

354 3785 449 3846 gnaltls
465 3775 562 3832 dicitur,
582 3786 606 3821 et
623 3791 708 3822 caram
725 3775 780 3822 nidi
793 3773 862 3822 t'ndo-
907 3791 987 3845 quam
1001 3773 1106 3826 Jasouis
1119 3773 1237 3826 odiuma
1256 3785 1332 3844 patre
1346 3790 1421 3826 aver.

354 3858 424 3907 lnisse
441 3872 560 3914 sororem,
577 3870 663 3904 meam
682 3851 863 3923 Chalciopen,
907 3871 1029 3906 runcare.
1047 3851 1108 3904 Huc
1125 3851 1218 3904 ultima
1230 3849 1329 3904 Medea
1340 3851 1420 3904 verba

354 3953 412 4007 que
436 3945 461 3988 et
486 3935 539 4004 ipsa
564 3934 705 3996 Jaeonem,
722 3945 863 4004 cognatum
909 3933 1027 3985 futuram
1041 3933 1098 4001 ejus
1112 3929 1207 4000 egendi
1222 3930 1349 3984 rationem
1364 3929 1422 3983 lere

311 4017 313 4020 ’
355 4015 442 4068 nteriti
464 4015 527 4067 olim
552 4012 665 4084 Phryxi,
686 4012 790 4066 miserta
817 4025 863 4066 eet.
909 4009 1243 4084 pronuntienttillnenim
1262 4027 1315 4061 enee
1333 4009 1421 4080 inpa-

355 4095 434 4158 Quod
455 4095 534 4164 igitur
555 4092 629 4146 licuit
651 4093 751 4156 sorori,
770 4091 864 4162 quidni
909 4103 975 4144 trem
996 4090 1099 4163 pietatis
1127 4087 1213 4160 speeie
1238 4107 1348 4154 secure,
1364 4089 1424 4160 jam

355 4173 433 4225 liceat
446 4173 527 4226 mihi?
909 4169 1014 4222 tandem
1035 4167 1167 4222 amatorie
1188 4165 1358 4222 sollicitudini
1381 4180 1423 4218 to·

393 4252 449 4304 138.
463 4251 540 4303 lason
563 4252 618 4321 ipse
637 4256 719 4308 rnr'ser.
739 4252 863 4304 miseran·
909 4261 960 4302 tam
974 4269 1000 4302 se
1012 4248 1103 4303 tradet.
1116 4248 1168 4300 En.
