3102 5128
348 550 408 624 124
644 547 680 610 C.
704 545 899 613 VALERll
930 549 1098 614 FLACCl

386 679 520 766 Jamque
537 677 642 745 redire
659 696 789 770 rogant,
807 696 998 769 assuetaque
1016 681 1171 768 quaeritur
1189 682 1305 748 arbor:

387 792 482 858 llaud
497 793 589 858 aliter
603 815 693 860 cecat
710 817 768 885 per
784 797 901 860 mmniu
916 794 1023 860 delicit
1041 796 1130 862 urbis
1365 817 1406 856 aaa

386 904 560 990 Incedens,
576 907 752 998 borretque
767 908 882 974 domos
898 908 1012 974 Medea
1028 909 1165 976 silentes.

306 1001 310 1008 ’
387 1019 449 1084 Hic
462 1019 581 1086 iterum
595 1037 745 1088 exuemus
761 1023 978 1112 nequicquam
994 1024 1028 1088 in
1044 1024 1156 1088 limine
1170 1041 1271 1114 porte

387 1132 553 1216 Substitit,
568 1151 665 1224 atque
681 1136 799 1201 iterum
815 1135 909 1202 fletus
924 1137 1088 1226 animique
1104 1139 1220 1203 soluti:

387 1249 602 1337 Respexitque
620 1246 732 1332 deam,
749 1249 960 1338 paullumque
974 1249 1026 1314 bis
1042 1249 1177 1314 vocibus
1193 1250 1301 1314 boesit:

431 1389 444 1415 α
455 1362 528 1449 lpse
544 1377 638 1452 rogat
654 1379 758 1445 certe,
777 1383 894 1454 tneque
907 1365 976 1453 ipse
991 1364 1142 1453 implorat
1157 1363 1277 1428 lason?
1367 1380 1406 1419 ³⁸⁵

387 1473 525 1539 Nullane
541 1475 635 1564 culpa
650 1476 785 1543 subest?
799 1477 886 1542 labes
905 1500 971 1543 non
988 1478 1051 1542 ulla
1068 1475 1220 1566 pudoris,

388 1589 504 1654 Nullus
521 1589 636 1654 amor?
650 1611 711 1656 nec
728 1607 823 1680 turpe
838 1593 908 1656 viro
921 1592 1040 1656 servire
1054 1589 1219 1678 precanti?
1229 1621 1242 1647 ι·

432 1702 489 1766 llla
504 1703 585 1768 nihil
600 1721 725 1788 contra,
743 1727 904 1795 vocesque
917 1706 1082 1794 abrumpit
1096 1705 1217 1770 inanes.

387 1816 428 1880 Et
442 1815 570 1897 jamjam
588 1818 712 1908 magico
728 1843 786 1907 per
804 1839 902 1908 opaca
918 1820 1042 1885 silentia
1058 1818 1185 1884 Colchis

386 1932 532 2018 Coeperat
547 1932 593 1996 ire
610 1953 707 2015 sono,
723 1949 965 2022 monstrataque
978 1932 1118 1998 condere
1133 1936 1242 1998 tultus
1300 2007 1301 2010 Ἴ
1368 1951 1408 2002 ³9⁰

388 2043 549 2127 Numina,
566 2068 706 2133 cumque
722 2048 788 2112 suis
805 2048 905 2112 averti
921 2047 1057 2112 collibus
1072 2071 1204 2112 amnes:

387 2155 456 2218 lam
471 2156 603 2222 stabulis
619 2159 836 2250 gregibusque
849 2183 963 2250 paror,
980 2161 1197 2250 strepitusque
1211 2161 1366 2248 sepulcris

386 2269 567 2354 lncidemt;
583 2290 692 2364 stupet
707 2276 775 2364 ipsa
791 2277 878 2366 gravi
896 2299 960 2342 nox
977 2275 1098 2341 tardior
1114 2278 1248 2340 umbra:

375 2493 429 2556 379.
441 2493 522 2540 nuum
538 2494 710 2557 sugantvttic.
727 2505 751 2542 et
764 2497 841 2542 burm.
857 2495 926 2543 codd.
946 2497 1039 2546 Volunt.
1055 2497 1122 2544 cm.
1138 2522 1168 2533 -
1185 2495 1237 2544 330.
1253 2497 1325 2544 Haud
1339 2497 1410 2545 aliter

347 2575 427 2624 caeoae.
439 2575 515 2622 Vatis.
529 2575 581 2622 cod.
594 2577 662 2622 Haud
672 2576 718 2622 att
729 2579 808 2625 AEaeoe.
824 2579 890 2626 Gan.
907 2579 950 2625 En.

346 2821 391 2856 eos
403 2803 520 2870 invadit,
535 2815 683 2879 matresque
695 2817 807 2880 rogant,
823 2818 853 2860 ut
897 2807 1027 2879 lanamque
1048 2805 1245 2878 negligentem?
1269 2823 1312 2856 nee
1333 2817 1408 2874 turpe

344 2883 379 2936 ad
391 2883 484 2937 nidum
497 2884 615 2938 redeant.
896 2891 953 2940 viru
964 2890 1050 2938 seruire
1056 2889 1182 2954 precanti,
1195 2885 1230 2939 ad
1240 2885 1334 2956 primas
1342 2901 1407 2955 pre·

381 2962 441 3015 380.
450 2967 527 3014 Haud
534 2967 608 3015 aliter
611 2981 658 3030 per
666 2967 754 3015 menta
767 2983 851 3024 coecoe,
896 2983 939 3019 ces
952 2965 1048 3018 dedere
1059 2983 1086 3018 te
1096 2976 1173 3036 atque
1183 2962 1368 3034 emancipare?

344 3041 476 3107 obscure,
487 3045 571 3098 noctis
586 3045 698 3098 tenebris
709 3045 851 3109 involutas,
932 3044 993 3098 386.
1009 3047 1086 3096 Latet
1099 3061 1148 3095 nou
1164 3048 1214 3095 ulta
1223 3041 1408 3110 pudoristve-

343 3123 410 3173 uerbis
419 3126 538 3184 incedens,
545 3128 633 3176 Medea
646 3127 730 3175 domm
741 3128 850 3182 silentes,
895 3134 978 3186 retur,
991 3121 1193 3185 necimmerito,
1203 3139 1237 3173 ne
1251 3118 1345 3191 pudori
1356 3139 1410 3174 suo

343 3200 477 3255 silentium
496 3220 544 3275 per
561 3214 641 3256 totam
657 3204 749 3256 urbem
767 3203 850 3257 domi·
894 3219 948 3255 non
961 3203 1024 3256 sutis
1041 3201 1171 3255 consulat.
1186 3203 1307 3252 Nullasne
1320 3219 1409 3262 araur,

344 3297 426 3345 nans,
442 3283 531 3334 tome
895 3283 1037 3354 subspecie
1047 3281 1228 3342 miserationis,
1238 3279 1408 3333 subesti’En.

382 3359 441 3414 ses.
450 3363 497 3411 Hic
509 3363 596 3414 iterum
606 3375 736 3421 extmmoe,
752 3359 798 3414 sed
811 3379 852 3411 ue·
931 3361 1163 3418 stettenusmhtl
1174 3369 1411 3426 connumeresque

346 3442 495 3508 quicquam,
525 3443 550 3492 in
578 3439 659 3491 limine
676 3453 757 3507 portoe
779 3439 851 3492 urbis
896 3443 1288 3508 abruntpitt'nanst,sermuneln
1301 3435 1354 3490 alic
1367 3436 1410 3490 di·

344 3522 461 3582 nrbrtitit,
469 3523 555 3571 iterum
557 3522 635 3590 fletus
642 3521 765 3588 munique
773 3522 853 3580 soluti,
896 3521 981 3591 rigere
991 3519 1073 3572 lubet.

344 3600 433 3651 denuo
450 3597 571 3652 lacrimas
586 3595 687 3660 bandit,
698 3597 785 3652 denuo
796 3599 852 3649 ani·
932 3598 991 3666 389.
1010 3599 1108 3666 Magno
1132 3615 1206 3657 sono,
1224 3595 1294 3648 inter
1311 3607 1409 3649 cantus

347 3695 406 3730 mus
424 3678 570 3741 emollitur,
584 3681 743 3746 psallamque
757 3681 793 3729 lis
805 3698 852 3730 uo·
896 3677 1010 3748 magicos
1020 3687 1044 3730 et
1054 3693 1205 3737 murmura,
1214 3674 1251 3727 uti
1263 3687 1332 3728 reete
1341 3675 1409 3727 Bur-

345 3761 414 3808 cibus
433 3759 517 3818 ltoest't,
538 3755 646 3810 dubiam
670 3769 781 3811 mentem
809 3777 852 3810 cx·
896 3775 1023 3823 mannus,
1038 3773 1084 3827 per
1097 3755 1182 3809 nomia
1192 3754 1294 3807 silentia
1304 3753 1408 3812 incedit

346 3837 484 3910 prompsit.
896 3835 998 3889 Medea.

382 3916 507 3986 tes-387.
519 3917 579 3988 lpse
589 3929 664 3988 rogat
674 3917 852 3987 auxiliumque
932 3916 993 3987 ³9²·
1005 3923 1061 3968 lum
1072 3917 1172 3966 stabulis
1179 3915 1352 3982 gregibusque,
1362 3929 1407 3964 ar-

346 4013 434 4048 meum
456 3995 578 4066 implorat
598 3994 694 4050 lason?
710 3999 786 4046 tates
803 4013 852 4046 nun
897 3996 992 4048 mentis
1004 4005 1029 4047 et
1041 3991 1203 4065 pecudibus,
1217 4011 1303 4059 pauor,
1319 3993 1407 4058 strepi-

348 4079 398 4125 ulla
409 4077 523 4140 parcioris,
535 4078 614 4126 nullus
628 4093 706 4135 umor,
717 4092 752 4126 sc.
768 4072 853 4143 pudo·
897 4091 982 4143 tresque
993 4075 1107 4141 sepulcris
1116 4074 1246 4130 inciderat,
1256 4069 1304 4141 ipsi
1315 4087 1409 4122 manes

348 4153 400 4208 ris?
411 4153 521 4217 Nonne,
542 4153 593 4206 nisi
606 4155 691 4207 labem
700 4151 853 4224 adspergam
897 4154 1023 4208 excitatos
1036 4171 1070 4212 ¹se
1088 4149 1293 4221 sollicitatosque
1316 4150 1410 4203 aentie

348 4230 444 4304 pudori
466 4251 541 4297 meo,
563 4234 655 4286 saltem
676 4251 718 4286 me
738 4231 853 4306 ejusdem
897 4233 974 4286 bunt:
993 4245 1072 4300 stupet
1084 4233 1137 4298 ipsa
1151 4233 1224 4298 graui
1239 4247 1292 4280 uox
1311 4231 1412 4280 tardior

348 4329 403 4366 non
420 4310 482 4366 sutis
502 4325 632 4366 amantem
652 4329 708 4366 este
725 4309 852 4383 prodam,
898 4317 996 4371 umbra,
1026 4312 1094 4365 ultra
1115 4310 1220 4364 solitum
1240 4327 1268 4362 se
1290 4307 1410 4380 protadii
