3150 5126
366 491 429 576 282
798 503 991 570 oneum

408 638 579 707 Indomitis
596 639 672 706 litus
691 653 805 704 votum
819 655 868 704 est
882 637 1038 704 heroibus
1058 659 1172 702 unum.

408 757 620 845 Exspectatur
636 749 685 820 ab'
695 753 746 820 his
760 770 816 822 tua
833 777 895 822 vox
908 752 1033 833 duna,
1049 751 1240 840 chelysque5

410 869 459 933 Te
477 885 608 959 sperant
628 869 783 937 comitem
804 869 935 959 pelago,
955 868 1148 955 sociumque
1168 866 1327 932 laborum.

410 985 495 1052 Nam
516 1005 730 1074 nequeamus
750 983 828 1052 dare
843 983 912 1048 vala
927 983 1003 1050 viris
1019 983 1052 1048 in
1070 981 1207 1048 barbara
1225 1003 1322 1069 regna
1414 1017 1441 1054 ῳ

408 1102 456 1166 Te
475 1101 564 1181 siae,
581 1099 639 1188 qui
662 1098 812 1166 tenebras
833 1097 875 1162 de
898 1113 948 1162 tot
966 1097 1157 1164 mortalibus
1175 1117 1262 1160 unus

408 1216 536 1282 Accessi
552 1214 744 1296 horrentes,
767 1229 801 1278 et
819 1235 893 1301 qun
911 1211 1001 1278 rudis
1023 1213 1137 1280 ultima
1152 1233 1262 1276 rerum

406 1329 525 1396 Abdita
541 1353 576 1395 se
591 1330 702 1420 posuit
715 1329 827 1412 tellus,
840 1345 941 1417 stquo
954 1327 1030 1394 inde
1044 1327 1167 1393 redisti.

408 1447 501 1510 Hanc
517 1445 617 1534 igitur
629 1445 751 1512 molens
764 1445 948 1513 communis
962 1444 1046 1512 lerre
1064 1443 1183 1508 laboris
1196 1491 1205 1524 ‚

407 1559 616 1648 Nominaque
632 1561 702 1649 ipsa
717 1561 796 1626 velis
813 1560 965 1626 maclam
978 1559 1152 1648 nepotibus
1168 1581 1274 1624 esse.-
1413 1576 1437 1624 ⁹³

410 1673 492 1740 lnde
503 1696 565 1764 ego
579 1697 653 1740 suro
670 1676 724 1742 tali
744 1673 946 1764 respondens
962 1697 1041 1738 voce
1054 1675 1230 1762 loquutus:

452 1789 652 1872 ·AEscnida,
670 1787 751 1880 quid
769 1806 856 1854 tanta
875 1812 1009 1856 movens
1027 1789 1168 1856 hortaris
1183 1805 1215 1854 et
1232 1811 1326 1878 urges

410 1907 462 1970 lre
478 1907 673 1994 procellosas
686 1923 807 1972 armata
823 1927 934 1995 puppe
953 1929 1012 1994 per
1025 1905 1147 1986 undas,

408 2022 454 2087 Ut
469 2021 596 2086 veniam
612 2021 757 2086 Colobon
775 2021 895 2110 Minyis
907 2020 1037 2103 adjutor
1049 2019 1091 2086 sd
1105 2019 1243 2086 urbem?

406 2137 451 2202 At
467 2135 547 2200 mihi
562 2135 627 2216 ism
645 2137 721 2202 satis
737 2153 786 2202 est
805 2159 959 2226 operum,
973 2138 1048 2202 satis
1069 2153 1167 2225 atque
1180 2134 1352 2212 laborum,
1401 2167 1438 2190 ιω

409 2252 458 2315 Ex
471 2274 538 2340 quo
554 2267 713 2316 terrarum
726 2251 792 2316 vidi
806 2253 874 2316 locs
890 2251 1047 2339 plurima,
1065 2267 1097 2316 ot
1114 2249 1229 2330 urbes,

408 2363 542 2454 AEgypti
560 2365 741 2453 Libyesque
756 2366 831 2430 viris
849 2366 978 2430 oracula
996 2389 1167 2466 promens,

411 2480 452 2545 Et
465 2503 517 2544 me
529 2481 667 2546 sollicito
680 2481 811 2546 tandem
830 2482 992 2546 revocavit
1006 2480 1048 2545 ab
1064 2498 1145 2546 oestu

407 2595 596 2676 Errantem,
614 2596 647 2658 in
665 2597 867 2682 patriamque
883 2617 998 2682 parens
1013 2595 1196 2660 veneranda
1215 2595 1361 2674 reduxit,

408 2709 452 2771 Ut
468 2725 594 2773 teneam
613 2708 723 2774 tardos
740 2709 908 2774 morientis
927 2725 1072 2797 tempore
1091 2731 1199 2774 canos.

407 2821 470 2886 Sed
487 2845 595 2912 neque
608 2825 718 2888 fatales
734 2825 780 2888 las
799 2839 848 2886 est
869 2823 947 2886 mihi
966 2824 1090 2888 solvere
1103 2824 1206 2910 leges:

407 2936 579 3000 Parcarum
594 2960 646 3004 me
660 2938 747 3016 jussa
763 2937 915 3002 trahunt:
935 2959 1052 3028 magno
1067 2936 1146 3000 mihi
1161 2927 1312 3006 coustant

408 3049 470 3113 Per
484 3073 657 3114 numerum
675 3051 808 3138 qusesita
824 3049 926 3130 Jovis3
944 3052 1140 3140 jamjamque
1157 3072 1342 3138 sequemur,

407 3165 496 3227 Inter
509 3180 542 3226 et
554 3163 668 3228 heroas
682 3165 784 3228 nostri
801 3163 1050 3230 numerabimus
1065 3165 1123 3230 tevi
1133 3197 1156 3226 υ.

450 3277 545 3341 Tunc
559 3299 694 3364 quoque
707 3275 890 3366 digrediens
908 3293 1038 3341 antrum
1060 3276 1253 3365 permeabile
1267 3278 1362 3364 liqui,
1392 3309 1428 3332 ιω

408 3389 583 3456 Dulcisona
598 3390 776 3456 comitante
791 3391 877 3478 lyra,
893 3391 1087 3478 Illinyasque
1100 3407 1279 3478 sequutus,

407 3505 507 3570 Alatis
521 3505 659 3595 pedibus
673 3505 866 3596 Pagasamm
880 3507 921 3572 ad
937 3507 1030 3572 litora
1046 3509 1131 3573 veni.

407 3621 467 3684 llic
484 3637 555 3684 turn
571 3621 706 3686 bellaces
722 3629 862 3710 angusto
882 3624 916 3686 in
934 3623 1026 3688 litore
1044 3621 1132 3688 Graii

407 3736 491 3804 Cum
507 3736 637 3802 fremitu
654 3737 695 3802 sd
711 3738 795 3824 ripas
809 3737 1094 3802 condensabantur
1108 3739 1241 3804 Anauni.

411 3850 520 3936 Atque
531 3851 588 3914 ubi
599 3851 664 3930 jam
679 3873 807 3941 gressus
821 3867 967 3939 spectant
981 3873 1034 3914 me
1046 3853 1129 3916 ferre
1144 3852 1364 3940 propinquos,
1394 3874 1429 3908 11³

407 3964 576 4031 Exsultant
588 3967 720 4046 animis,
734 3982 767 4030 et
782 3965 898 4052 gaudio
912 3967 1050 4053 plurima
1064 3985 1215 4054 carpunt.

408 4080 480 4165 lpse
494 4103 590 4168 super
604 4081 701 4146 tantis
716 4105 863 4169 quaetcns
878 4082 1032 4148 heroibus
1047 4083 1133 4148 ibant

409 4193 553 4258 Herculis
573 4219 609 4260 ac
627 4197 770 4286 primum
785 4197 937 4284 conspexi
957 4198 1051 4262 sortia
1067 4198 1132 4262 divi
