3192 5138
381 543 446 612 250
546 544 631 610 nro
657 545 904 628 sucronn,
927 543 1287 612 surrentinum

424 677 600 758 Obsecrat,
624 692 657 743 et
674 675 801 743 blandis
819 677 983 746 demulcet
1003 694 1136 770 pectora
1149 676 1255 742 verbis
1270 697 1278 738 ε
1429 690 1456 728 ⁸⁵

469 791 522 856 «Ο
537 790 640 856 dulcis
658 791 795 875 conjux,
810 815 997 882 oppressam
1010 769 1240 857 AEetida'curis

425 905 554 988 Exime,
572 927 645 993 quoe
658 905 786 995 Minyas
802 905 901 990 fovit,
915 921 1118 998 cognataque
1131 905 1218 974 Graii

425 1023 526 1086 Arma
547 1019 657 1102 ducis,
675 1019 868 1109 facilemque
883 1019 944 1110 piis
960 1043 995 1086 se
1008 1021 1149 1110 prebuit
1164 1018 1259 1085 ausis.

425 1134 576 1200 Proxima
598 1157 698 1225 regua
719 1149 809 1200 tenet
824 1134 921 1201 nobis
938 1135 1053 1225 Argiva
1063 1133 1235 1217 juventus,

424 1251 526 1316 AEetb
541 1251 683 1316 multum
705 1249 857 1316 distantia
876 1273 976 1344 regna
992 1250 1131 1340 tyranni.
1428 1281 1455 1320 9⁰

425 1367 541 1432 Infelix
556 1388 656 1456 quem
679 1386 747 1432 non
773 1367 925 1434 Hecateia
939 1367 1032 1458 virgo
1048 1365 1213 1434 moveret?

426 1485 521 1549 Certe
536 1483 685 1550 animum
701 1499 913 1574 mentemque
929 1507 1033 1550 meam
1053 1483 1248 1566 commorit3
1265 1481 1372 1570 iniqui

425 1599 475 1664 Ne
491 1599 590 1688 patris
608 1597 670 1664 sub
685 1599 760 1680 jura
777 1597 861 1664 sinas
875 1597 1041 1680 adducier,
1059 1613 1141 1664 orat.

425 1715 466 1778 Se
482 1728 575 1803 putat
589 1735 659 1780 esse
675 1730 767 1804 pater
779 1713 912 1797 lasum,
933 1713 1024 1804 quod
1040 1713 1187 1780 cantibus
1206 1734 1348 1804 anguem

424 1829 548 1918 Sopirit
562 1829 711 1920 magicis,
730 1845 908 1918 taurusque
924 1829 967 1894 ad
982 1844 1087 1896 aratra
1104 1827 1233 1920 subegit
1427 1845 1454 1896 s⁵

424 1944 610 2035 ignivomos
625 1943 677 2034 pia
693 1943 803 2036 virgo;
823 1960 949 2012 trucem
962 1943 1048 2036 lugit
1067 1942 1163 2009 anxia
1182 1957 1325 2034 patrem,

424 2062 472 2126 Ac
485 2059 586 2148 patris
602 2059 750 2150 ingentes
766 2061 829 2126 iras
843 2076 876 2126 et
893 2059 1030 2126 barbara
1046 2057 1164 2124 corda:

423 2175 561 2240 Munere
576 2197 663 2263 quc,
681 2173 861 2264 officiisque
881 2174 974 2240 novis
992 2196 1164 2265 persuasus
1180 2175 1276 2238 lason

423 2291 603 2384 Perpetuos
616 2292 757 2383 spondet
771 2294 946 2378 thalamos,
970 2309 1004 2359 et
1018 2292 1138 2358 loedera
1151 2292 1227 2357 lecti

421 2410 617 2476 intemerata
628 2407 698 2492 sni,
714 2409 831 2497 patrias
850 2431 954 2500 quum
969 2407 1134 2474 advenerit
1146 2429 1229 2472 oras.

421 2523 509 2613 Ergo
526 2523 615 2612 pios,
635 2545 691 2590 rex
709 2525 816 2608 juste,
840 2524 939 2590 fove:
960 2523 1110 2614 perjurus
1136 2524 1250 2602 Iason,

421 2637 454 2704 si
468 2638 552 2727 patri
564 2637 733 2723 reddatur,
746 2639 828 2722 erit3
843 2640 924 2729 quin
942 2640 1083 2728 percitus
1101 2639 1147 2704 ira

422 2753 581 2842 Praecipiti
604 2753 734 2842 genitor
751 2752 816 2818 rita
839 2751 991 2841 spoliaret
1014 2767 1201 2818 amantem:

420 2871 458 2932 ln
477 2884 566 2932 natas
585 2868 706 2934 etenim
723 2867 870 2958 proprias
891 2883 924 2932 et
940 2867 1078 2958 pignora
1094 2867 1200 2956 iniqui

422 2983 499 3048 Esse
516 2983 635 3065 solent,
650 2983 755 3072 posita
770 2981 936 3074 interdum
952 2983 1086 3072 pietate,
1106 2998 1268 3072 parentes.
1414 2999 1450 3036 10⁵

421 3098 597 3186 Antiopam
611 3099 756 3186 Nycteus
775 3099 879 3190 poepis
893 3097 1002 3164 affecit
1014 3097 1156 3180 acerbis,

418 3213 459 3277 Et
475 3212 573 3302 patris
589 3212 661 3276 irati
676 3212 787 3278 Danae
802 3233 953 3302 perpessa
968 3211 1114 3277 l'urorem
1131 3227 1190 3276 est.

418 3328 577 3392 Incensus
595 3348 702 3415 nuper
718 3325 811 3392 furiis
827 3325 1016 3394 miserabilis
1032 3325 1128 3391 orbes

418 3442 567 3512 Sidereos
585 3439 727 3507 Echetus
744 3456 826 3506 naue
844 3439 992 3506 confodit
1008 3440 1129 3521 acutis,

417 3558 524 3626 Proh!
538 3557 696 3639 stimulis,
715 3555 880 3646 adigitque
893 3557 981 3620 ferus
997 3576 1088 3621 nunc
1100 3555 1249 3644 frangere
1265 3573 1342 3618 saxo
1412 3583 1448 3609 n·

417 3669 563 3752 Hordea,
580 3667 820 3758 candentesque
837 3669 922 3734 mola
938 3667 1059 3734 foedare
1075 3669 1245 3734 lacertos».

460 3787 602 3850 Tantum
619 3783 734 3867 effata,
751 3784 859 3850 virum
877 3805 969 3850 curas
989 3781 1116 3850 diducit
1133 3782 1168 3846 in
1184 3803 1310 3846 omnes.

416 3903 546 3965 Arctem
561 3898 613 3964 bis
630 3899 752 3980 conjux
769 3899 890 3966 solatus
909 3897 1044 3964 vocibus
1061 3895 1156 3962 infit:

458 4010 666 4076 «Barbaricos
682 4027 796 4078 nostro
812 4013 951 4079 Colchos
968 4013 1127 4104 expellere
1141 4029 1245 4078 marte

415 4127 491 4190 Non
506 4125 672 4208 dubitem,
689 4125 735 4191 sic
750 4124 841 4216 virgo
855 4127 1019 4208 animum,
1038 4127 1083 4190 sic
1100 4124 1187 4192 flexit
1205 4127 1310 4191 lason.
1410 4149 1446 4187 us

416 4239 573 4328 Spernere
593 4239 649 4306 sed
672 4241 772 4306 timeo
788 4241 867 4352 recti
885 4242 936 4328 pia
952 4241 1023 4322 jura
1040 4241 1221 4324 Tonantis3
