3150 5126
282 435 344 500 270
433 409 521 474 r10
550 405 807 482 recreer,
830 404 1197 472 suppremum

366 542 476 607 Insula
490 539 564 606 dein
576 539 727 628 Anaphe,
741 533 881 628 longum
893 554 943 602 est
958 555 1137 605 memorata
1151 561 1209 630 per
1223 561 1328 606 terum
1340 565 1348 606 :

323 659 431 726 Litore
450 655 577 721 deserto
590 653 710 742 Minyae
731 675 836 742 quum
854 675 942 718 sacra
956 670 1124 742 pararent,
1310 675 1350 729 με

326 769 497 860 stipitibus
512 767 659 858 lymphas
672 764 861 832 ardentibus
879 765 1070 848 injecerunt.

180 905 185 920 ⁸
284 939 288 946 .
323 882 446 952 llledere
463 881 618 948 adstantis
634 881 763 946 famulae
778 880 962 947 Pheacides
979 882 1045 946 alto

324 1000 458 1066 Pectore
476 1019 543 1062 non
564 1009 715 1084 poterunt
731 996 840 1060 lartum
861 1017 1067 1086 compescere
1084 997 1204 1079 risum,

325 1115 423 1205 Orgia
439 1109 573 1178 sacrifici
586 1111 688 1178 solite
700 1112 822 1193 majora
836 1109 946 1177 videre

324 1228 464 1310 Alcinoi,
481 1226 629 1314 ditesque
642 1225 709 1292 l'oei
722 1225 864 1292 melioris
877 1226 1031 1292 honores.

323 1343 389 1406 llas
402 1341 560 1423 juvenum
578 1355 720 1408 aversata
735 1339 871 1423 cohors,
888 1341 1038 1407 convicia
1053 1339 1171 1424 jactat,

324 1453 489 1542 Turpibus
504 1454 668 1518 incessens
681 1453 788 1518 verbis
804 1452 971 1536 deturbat,
988 1470 1021 1518 et
1035 1472 1132 1520 arcet.

324 1569 372 1632 Ex
393 1567 449 1632 illo
471 1566 629 1632 muliebre
647 1588 750 1656 genus
769 1565 968 1632 contendere
987 1569 1093 1634 suevit

325 1683 436 1772 Usque
452 1682 545 1766 viris,
563 1680 725 1746 Phoebum
742 1703 801 1770 per
817 1697 933 1747 mutua
951 1682 1088 1748 crimina
1107 1683 1247 1772 placans.

370 1798 550 1863 Humentes
569 1794 702 1886 quando
719 1795 797 1860 bino
814 1796 934 1888 Minyas
955 1797 1079 1862 solvere
1099 1798 1271 1882 rudentes,

326 1913 412 1976 Tum
429 1934 554 1978 memor
565 1911 755 2000 Euphemus
771 1913 924 1978 nocturni
940 1934 1024 2002 soepe
1042 1914 1187 2002 soporis,

325 2029 352 2092 Α
371 2027 454 2092 Maia
468 2027 569 2117 geniti
583 2043 757 2094 veneratum
773 2028 909 2107 numina
928 2026 1014 2110 divi,

325 2144 367 2208 Et
382 2143 519 2207 memori
536 2141 693 2207 attonitus
706 2165 785 2233 vaga
801 2143 926 2208 somnia
941 2141 1039 2208 corde
1051 2143 1191 2208 volutat:

325 2258 475 2346 Namque
488 2255 660 2321 videbatur
671 2256 772 2347 glebae
786 2253 1002 2322 madentibus
1018 2257 1104 2324 ulnis

324 2373 503 2464 Conjungi,
519 2387 553 2436 et
567 2371 667 2436 veluti
684 2369 831 2436 ma'terno
847 2372 927 2437 lacte
946 2371 1057 2436 foveri.

325 2487 467 2552 Mamma
482 2485 631 2576 puellaris
643 2483 709 2548 visa
721 2501 785 2568 est,
805 2485 840 2549 in
858 2485 983 2575 virgine
1000 2487 1104 2575 qualis

324 2603 403 2667 Esse
418 2600 499 2666 solet
511 2616 638 2682 tenera3
656 2615 770 2664 moesto
784 2597 842 2664 sed
854 2615 969 2688 captus
980 2623 1092 2665 amore
1196 2611 1198 2618 ’

323 2716 511 2805 Euphemes
528 2712 616 2778 dulci
633 2713 807 2778 verborum
825 2735 994 2779 murmure
1011 2715 1122 2805 gestit,

324 2830 401 2895 Non
421 2849 514 2894 secus
530 2851 567 2892 ao
578 2825 746 2893 dominam
759 2828 981 2917 complexibus
995 2830 1116 2895 ambiat
1128 2832 1233 2898 aretis.

255 2979 259 2988 «
324 2945 431 3026 Quam
448 2956 556 3005 mmen
571 2940 762 3031 Euphemus
776 2957 864 3032 grata
877 2943 947 3006 vice
968 2944 1049 3008 lacte
1064 2945 1195 3012 fovebat

323 3060 396 3147 Ipse
410 3079 486 3138 suo;
505 3055 580 3120 dein
595 3055 686 3146 virgo
701 3057 792 3144 loqui
809 3056 855 3122 sic
869 3057 936 3122 visa
952 3075 1103 3150 repente:

366 3170 530 3234 «Tritonis
548 3191 672 3258 genus,
693 3185 726 3234 et
741 3186 893 3236 natorum
908 3188 998 3262 grata
1010 3189 1145 3240 tuorum

321 3286 401 3350 Sum
419 3283 545 3364 nutrix,
563 3305 630 3346 non
646 3305 744 3371 quam
760 3285 934 3350 fortissime
952 3309 1023 3351 rere
1035 3289 1186 3377 puellam.
1225 3309 1232 3323 ’

320 3397 384 3463 Sed
397 3419 450 3460 me
460 3395 549 3476 juxta
564 3397 719 3484 Anaphen
733 3397 831 3463 Nerei
845 3399 897 3488 pia
914 3401 1049 3467 numina
1064 3402 1231 3494 Nymphas

320 3514 471 3601 Deponas
488 3510 606 3600 pelagi,
627 3511 719 3575 nullo
735 3512 819 3601 pede
832 3530 961 3601 postera
979 3515 1077 3582 ducet

320 3604 372 3693 ld
390 3625 504 3691 Pboebi
524 3624 630 3689 radios
647 3649 699 3690 me
717 3627 773 3691 lux
791 3629 937 3692 sublimis
954 3631 1095 3721 Olympi.
1107 3664 1120 3688 a

363 3738 535 3804 AEsonides
550 3737 647 3830 docto
664 3737 778 3805 Pboebi
791 3763 945 3830 responsa
961 3743 1111 3812 volutans

317 3856 466 3935 Pectore,
485 3855 637 3920 sollicitos
653 3854 747 3920 dictis
765 3857 883 3921 affatur
901 3860 1057 3926 amicos&

361 3971 413 4044 «Ο
427 3969 523 4050 socii,
537 3971 685 4057 praeclara
699 3969 832 4057 quidem
846 3995 905 4036 nec
918 3977 1159 4064 parva'paratur

317 4083 448 4147 Gloria:
479 4080 512 4144 di
533 4081 642 4170 superi
660 4082 811 4162 jactatam
833 4086 867 4149 in
891 4090 1005 4152 caerula
1029 4090 1154 4177 glebam
1302 4121 1338 4168 7⁵⁵
