3150 5126
520 535 905 612 nnconxurmn.
1026 629 1027 639 Ν
1183 544 1244 610 285

222 668 318 734 Solus
329 670 364 733 in
379 668 529 734 humanis
542 670 613 734 visu
627 667 807 758 penetrarit
821 685 928 734 acuto.

222 782 441 871 Consequitur
452 783 626 866 Telamon,
644 781 737 848 fortis
753 798 844 872 poter
857 779 975 850 AEucus
990 784 1053 868 illi,
1132 865 1134 870 ,

220 897 395 986 Splendida
412 899 467 964 cui
484 897 612 962 nubens
624 895 760 986 AEgina,
777 897 920 985 potentis
932 897 1032 989 Asopi
1206 920 1243 958 ns

219 1011 317 1097 Noto,
334 1013 425 1080 dedit
438 1012 613 1102 pulchrum
630 1011 796 1078 Salamine
811 1011 845 1074 in
863 1011 957 1075 litore
972 1025 1112 1100 partum.

219 1125 355 1192 Montius
375 1127 426 1192 his
444 1125 561 1191 Idmon
578 1125 701 1191 nothus
720 1139 954 1190 annumeratur
964 1123 1119 1208 Abantis,

220 1240 328 1323 Quem
347 1241 388 1306 de
406 1240 586 1306 concubitu
604 1239 768 1328 generarit
784 1238 942 1327 Apollinis
959 1238 1037 1304 olim

219 1355 351 1421 Circum
365 1355 492 1421 divinos
506 1356 652 1418 animosa
664 1352 812 1419 Pheretis
827 1350 953 1418 lluctus.

218 1467 303 1534 Huic
320 1469 468 1557 prescire
484 1467 593 1550 dedit,
610 1466 687 1532 huic
699 1487 850 1556 promere
861 1489 942 1532 voce
954 1465 1065 1534 futura
1207 1503 1243 1542 ις.)

217 1581 373 1668 Phoebus,
391 1601 430 1650 nt
447 1584 571 1650 utiliter
584 1585 672 1675 genti
689 1582 898 1649 memorando
914 1584 1076 1672 loquutur.

259 1697 365 1764 Affuit
381 1713 414 1764 et
431 1697 581 1786 linquens
600 1697 751 1786 Opoeuta
766 1697 940 1764 Menoetius
955 1675 1080 1790 agrum.

216 1811 351 1878 Vicinus
367 1813 505 1902 Minyis,
521 1813 610 1877 venit
625 1833 757 1900 quoque
772 1810 865 1876 dirus
879 1813 1000 1878 Oileus.

214 1929 359 2018 lnclytus
375 1929 426 1994 his
443 1928 554 1993 oderat
568 1927 710 2008 Phloees,
723 1949 822 2015 quem
836 1943 971 2016 propter
981 1931 1099 1994 amoeni

212 2041 323 2134 AEsepi
340 2044 424 2134 ripas
441 2043 566 2108 Boccho
585 2059 634 2108 est
653 2043 745 2106 enixu
760 2041 887 2131 puella,

212 2155 378 2247 Insignem
393 2155 514 2238 forma,
529 2172 562 2220 et
576 2154 729 2245 prudenti
742 2172 874 2244 pectore
890 2155 1023 2221 clerum.

211 2270 361 2360 Cepheus
378 2269 515 2337 Arcadia
531 2271 692 2336 concessit
707 2286 740 2335 et
754 2271 824 2358 ipse
840 2269 967 2351 relicta,

211 2386 415 2474 Ancoeusque
429 2407 527 2450 senex
541 2385 661 2450 Euxini
676 2383 718 2449 ad
735 2385 829 2448 litora
846 2386 941 2474 ponti

209 2501 308 2566 lussit
320 2499 361 2565 ub
377 2498 512 2565 Arcadio
527 2514 618 2588 puter
633 2520 699 2562 unu
713 2498 868 2563 heroibus
885 2500 942 2564 ire.

209 2616 271 2682 llic
288 2615 433 2681 humeris
452 2615 559 2680 nullos
577 2613 689 2678 validis
708 2612 838 2678 induxit
856 2613 1012 2694 amicum,

211 2729 277 2794 Sed
289 2729 431 2820 rigidum
444 2730 535 2818 pellis
551 2730 635 2792 latus
649 2748 727 2792 urso
743 2726 823 2792 texit
837 2725 999 2815 adempte.

206 2843 368 2932 Nauplius
384 2844 567 2932 insequitur
583 2845 781 2932 Amymones
798 2864 870 2906 care
885 2863 1049 2933 propago,

210 2956 320 3040 Quem
336 2956 411 3022 tulit
425 2957 541 3022 illustri
558 2955 714 3044 Neptuno
727 2955 875 3038 subdita,
894 2956 1032 3045 pulchro

206 3071 353 3158 Corpore
369 3069 417 3135 dis
434 3070 591 3152 similem,
609 3087 642 3136 et
657 3071 823 3158 praestenti
838 3071 957 3136 robore
973 3072 1107 3138 clarum.

249 3183 378 3248 Vertice
393 3183 547 3250 Taenareo
561 3184 652 3248 venit
669 3184 858 3250 Meleatidos
877 3186 963 3268 ulto,

206 3297 350 3362 Aulonus
365 3297 517 3386 linquens
534 3298 647 3381 simul,
666 3297 908 3388 undisonasque
917 3299 1113 3391 Therapnas.

205 3411 303 3476 Venit
315 3428 349 3478 et
364 3413 516 3493 Ancaeus,
531 3412 585 3477 cui
599 3414 724 3501 cyclos,
738 3414 857 3501 cuique
874 3415 1016 3504 planetas
1080 3478 1082 3484 s

204 3525 307 3592 Nosse
320 3527 452 3610 mmm,
472 3544 505 3593 et
521 3528 656 3593 summis
670 3527 761 3617 quod
774 3529 846 3612 iter,
860 3528 1072 3610 Pleuronius,
1086 3531 1197 3613 astris,

202 3641 299 3707 Unde
312 3643 404 3732 quod
421 3659 455 3709 et
467 3665 626 3732 praeseus,
649 3659 682 3709 et
698 3666 771 3732 que
785 3659 921 3710 ventum
937 3645 1082 3711 cenebet.

200 3755 330 3822 Deinde
343 3757 557 3824 Palaemouius
575 3759 672 3823 Lerni
685 3759 826 3840 nothus,
847 3774 985 3846 utruque
997 3761 1086 3824 venit
1198 3795 1236 3822 ,ιο

201 3869 311 3937 Laesns
326 3895 420 3937 crura
434 3872 529 3955 licet,
550 3872 754 3962 pedibusque
771 3895 832 3938 nec
845 3873 990 3938 ambulat
1005 3876 1122 3962 eequis,

199 3985 416 4076 Vtrlcanoque
432 3985 506 4052 ideo
523 3989 671 4078 genitum
686 3986 728 4053 de
744 4003 836 4076 patre
851 3988 1020 4053 vocabunt.

200 4101 300 4165 Venit
317 4118 366 4185 et,
380 4102 505 4191 Alphaei
522 4103 618 4192 ripis,
635 4103 782 4191 Pisisque
801 4103 939 4184 relictis,

195 4215 293 4282 Patre
314 4233 401 4284 satus
421 4239 538 4309 magno
561 4221 687 4307 Augess
708 4217 749 4282 de
769 4219 843 4282 Sole
857 4241 1002 4282 comsco.
