3192 5138
415 565 828 648 ARGONAUTICON,
850 566 939 632 ΜΒ.
962 565 1027 632 ΙΧ.
1194 567 1257 647 243

231 698 372 764 Pulchra
388 695 512 788 pedum
526 697 676 784 quatiens
693 696 852 784 sequitur,
867 696 921 760 cui
935 693 1076 760 'candide
1091 695 1257 781 membra,

229 812 373 880 Candide
390 813 542 877 formosae
554 812 675 904 pariter
689 827 768 875 sunt
781 808 927 875 membra
943 811 1058 876 sorori.

271 929 348 994 Nox
362 927 430 992 ruit
445 947 584 1009 ocaeuo,
609 925 729 1015 Minyae
745 947 849 1013 quum
867 923 983 990 caerula
1003 923 1097 990 dorsa
1178 909 1180 914 ¹

228 1043 432 1109 Praetereunt
452 1042 550 1108 ruanis
569 1041 719 1131 augurati,
737 1039 817 1106 dum
834 1062 948 1104 rursus
963 1039 1006 1104 ab
1024 1039 1091 1105 alto

230 1159 371 1224 lllucens
386 1158 513 1221 Aurora
532 1154 610 1245 polo
631 1154 806 1220 comitatur
820 1171 947 1219 euntes.
1219 1175 1257 1216 ns

271 1273 331 1336 Est
343 1273 429 1336 ultra
445 1271 578 1336 lonium
598 1270 732 1360 pelagus
749 1267 901 1334 foecunda
918 1267 1139 1359 frequensque

229 1387 359 1469 Insula,
380 1385 439 1452 ubi
454 1384 558 1450 nimiu
571 1383 746 1450 tumefacta
759 1384 917 1450 Ceraunia
935 1381 1038 1450 fluctu

230 1500 388 1568 Alludunt
405 1501 524 1582 maria,
540 1515 573 1564 et
589 1515 748 1564 terrerum
764 1499 800 1562 in
816 1499 937 1564 viseera
952 1499 1088 1564 latrant:

230 1617 292 1684 Hie
309 1617 424 1682 falcem
445 1635 614 1705 superesse
632 1613 754 1679 ferunt.
768 1613 852 1696 Vos,
868 1610 983 1692 dieite,
999 1613 1121 1693 Mutae,

229 1732 304 1798 Non
323 1731 416 1797 decet
435 1731 581 1796 humano
599 1727 709 1794 divina
729 1727 858 1793 effarier
879 1750 946 1793 ore.
1217 1753 1256 1792 ε..

228 1847 343 1912 Intulit
363 1846 425 1910 hae
443 1845 527 1934 patri
549 1843 708 1909 Saturnus
728 1842 863 1908 vulnera
882 1841 968 1908 laeeo.

229 1963 322 2027 Hane
339 1960 465 2026 Cereria'
486 1957 613 2026 culmos
633 1956 834 2048 robustaque
856 1957 941 2022 farra
961 1959 1098 2024 meantis

229 2077 309 2142 Esse
330 2074 383 2140 alii
404 2088 606 2157 memorant,
622 2071 820 2136 habitaverat
833 2071 918 2136 hane
933 2093 1066 2162 quoque
1082 2090 1201 2139 terram

228 2191 322 2256 Alma
337 2191 450 2272 Ceres,
468 2189 572 2278 spiens
590 2185 717 2252 Titania
731 2201 876 2251 monstra
896 2201 1060 2252 tumentes

228 2304 360 2370 Caedere
378 2303 458 2370 falce
478 2301 618 2384 docens,
645 2301 726 2368 dum
742 2299 886 2366 Macrida
901 2300 1007 2393 diligit
1022 2302 1136 2392 ipsam.
1215 2322 1254 2360 sn

229 2419 371 2484 Numina
386 2435 458 2484 tum
471 2417 637 2508 Drepanes
655 2416 789 2483 fuerunt
802 2416 1009 2483 celeberrima
1025 2440 1131 2484 sacre.

230 2533 401 2598 Phaeacum
424 2531 487 2596 fuit
503 2531 573 2596 baec
592 2529 726 2595 nutrix:
744 2530 904 2618 processit
919 2530 1012 2620 origo

229 2649 401 2713 Phaeacum
421 2647 582 2737 Nymphae
601 2669 619 2710 a
637 2667 774 2736 genere,
796 2660 829 2709 et
843 2645 1023 2710 celestibus
1039 2631 1115 2711 oris.

229 2765 288 2830 His
301 2780 412 2829 vexata
425 2763 515 2828 malis
533 2761 691 2852 pontique
705 2759 889 2844 laboribus,
904 2763 992 2850 Argo

229 2878 403 2944 Trinacriis
420 2893 547 2942 vastum
561 2876 595 2939 in
608 2875 741 2964 pelagus
756 2889 979 2962 penetraverat
994 2876 1090 2940 auris.
1215 2893 1254 2934 ε..
