3192 5138
367 527 803 610 Anoouauuoon,
827 529 916 594 nlo.
941 528 983 592 x.
1143 521 1202 588 ,ει

177 663 245 729 Nec
262 676 392 752 prestat
409 683 530 726 serum
543 659 662 728 AEeten
679 676 889 726 contemnere
904 659 1000 748 longe

175 781 399 868 Regnantern:
418 776 492 864 quis
510 775 598 840 enim
615 773 739 840 ditione
755 771 921 862 potentior
942 769 1018 833 illo?

177 896 222 959 Ut
238 893 294 982 qui
311 893 510 982 Graiugenas
528 890 615 958 bello
630 911 745 956 vexare
761 887 862 954 feroci

175 1009 299 1092 Possit,
317 1025 351 1074 et
365 1007 553 1098 Argolicum
568 1004 752 1096 legionibus
767 1003 900 1096 impleat
914 999 1038 1064 orbem.
1168 1030 1204 1056 uo

175 1123 334 1214 Expediet
349 1145 449 1212 quare
465 1122 591 1190 tristem
610 1141 809 1208 componere
827 1120 917 1184 litem

131 1253 134 1262 '
174 1238 317 1322 Iudicio,
335 1260 396 1310 noc
411 1253 460 1320 te,
478 1235 598 1321 conjux
616 1235 752 1318 dilecta,
768 1233 885 1300 latebo.

174 1351 209 1416 Si
225 1373 293 1416 non
305 1352 422 1433 juncta
437 1351 507 1418 viro
524 1349 639 1433 fuerit,
658 1349 815 1440 virgoque
829 1346 991 1427 manebit,

174 1465 342 1532 AEsonidn
359 1490 377 1532 a
396 1465 469 1534 navi
486 1466 604 1555 panias
621 1465 794 1531 revehetur
808 1462 850 1528 acl
866 1462 995 1528 urbes».

217 1581 270 1646 Sic
284 1580 346 1662 ait,
367 1596 401 1648 et
416 1579 506 1646 dulci
521 1580 681 1648 concessit
696 1579 820 1645 lumina
836 1599 964 1644 somno.
1167 1593 1203 1632 ¹2⁵

172 1700 330 1762 Actutum
347 1694 492 1785 prudent
510 1695 750 1786 cerum.regina
765 1693 919 1762 maritum

173 1811 325 1877 Deseruit
340 1811 508 1891 thaimo„
523 1810 689 1878 dominam
707 1811 906 1876 comitantur
922 1824 1053 1873 euntem

174 1923 227 1988 Ad
240 1925 351 2006 jussus
367 1925 495 1992 famulae
511 1925 646 2007 celeret,
662 1947 735 2013 qure
753 1947 877 2015 ponere
894 1923 1000 2014 nigras

173 2042 213 2104 ln
229 2040 368 2106 statione
387 2062 516 2120 contat,
532 2038 787 2127 redimiculaque
803 2052 878 2129 apta
893 2035 1050 2104 solebant.

174 2154 360 2226 Pmounern
377 2171 470 2220 vocet
488 2154 628 2236 interea,
643 2155 700 2242 qui
718 2168 857 2243 prepete
873 2173 972 2220 cursu
1165 2170 1201 2208 1³0

172 2270 353 2334 Conveniat
368 2268 481 2338 furtim
496 2266 696 2334 AEsoniden:
716 2269 852 2360 tniseere
869 2281 1004 2354 repente

173 2379 305 2446 Foedera
322 2381 480 2450 connubii
493 2381 603 2462 jubet,
627 2397 660 2446 et
676 2381 812 2472 genialia
830 2381 932 2446 fulcra

172 2494 341 2579 Sternere,
360 2519 420 2564 nec
435 2519 546 2587 regern
563 2497 699 2562 ulterius
719 2519 814 2585 prece
833 2494 950 2562 tundat
965 2497 1075 2562 inani:

173 2609 249 2674 Non
268 2609 409 2678 thalamo
424 2609 564 2678 abducet
582 2627 723 2702 pactam,
738 2611 954 2702 amplexuque
971 2611 1099 2692 mariti3

173 2723 206 2790 si
224 2725 322 2790 firerit
336 2727 446 2819 virgo,
463 2727 580 2815 patriae
595 2726 768 2793 revehetur
782 2726 824 2792 ad
840 2749 922 2790 oras.
1161 2741 1197 2780 1³⁵

217 2841 270 2906 Sic
287 2842 353 2908 ait:
376 2858 570 2933 approperat
585 2865 691 2932 praeco
707 2841 852 2907 ductoria
868 2841 910 2906 ad
926 2839 1010 2905 edes

173 2953 356 3038 AEsonidoe,
370 2957 484 3022 Aretes
501 2954 648 3020 dicturus
662 2955 751 3036 jussa
767 2955 921 3037 faventis,

172 3069 350 3158 Divinique
365 3070 511 3134 animum
527 3070 675 3152 Alcinoi3
691 3092 794 3160 prope
808 3067 944 3134 Palladis
955 3070 1044 3159 Argo

172 3183 328 3272 Repperit
342 3182 404 3248 hot
422 3183 532 3274 vigiles
548 3185 686 3275 sumptis
704 3183 911 3268 concorditer
928 3184 1043 3265 armis,

174 3295 348 3386 Hyllicium
363 3296 405 3362 ad
422 3313 571 3386 portum,
589 3313 623 3363 et
638 3299 788 3387 praeclara
806 3320 874 3363 non
891 3297 1005 3388 procul
1021 3297 1114 3362 urbe.
1163 3321 1200 3364 140

173 3411 312 3477 Nuntiat
329 3412 380 3478 hia
396 3412 538 3481 domine
554 3433 660 3501 preco
676 3409 827 3478 mandata
842 3413 992 3500 potentis.

173 3525 300 3592 Gaudia
316 3527 476 3592 continuo
493 3543 636 3596 mentem
655 3527 799 3594 ductoris
817 3526 929 3592 Achivi

174 3640 384 3725 Portentant3
402 3665 551 3732 proceret
565 3643 651 3725 laeti3
669 3643 727 3708 sed
742 3643 845 3708 laetior
861 3664 927 3706 una

174 3755 275 3844 Virgo
288 3771 379 3822 metu
394 3759 518 3846 posito,
535 3758 749 3846 lacrymisque
765 3777 877 3822 serena
896 3757 1024 3846 lugetis.

216 3874 375 3938 Actutum
393 3874 517 3964 superis
533 3873 653 3963 Minyae
673 3887 795 3938 cratera
814 3888 972 3938 coronant
1166 3893 1203 3937 ηε

175 3985 277 4051 Nocte
293 4009 393 4076 super
410 3987 534 4070 media,
554 3987 711 4076 lectisque
725 3985 928 4069 bidentibus,
943 4007 1012 4090 aras

175 4102 403 4186 constituunt,
417 4104 603 4192 pariterque
620 4119 729 4185 toros,
748 4101 949 4192 genialiaque
965 4115 1060 4164 antro

176 4213 287 4278 Fulcra
304 4231 419 4302 parant
435 4237 544 4298 sacro,
562 4238 635 4304 quae
656 4215 823 4306 quondam
845 4215 961 4281 Macris
979 4214 1135 4297 habebat,
