3192 5138
356 529 769 612 ARGONAUTICON,
801 532 886 596 LIB.
912 533 1016 597 VllI.
1162 555 1223 622 ιιι]

202 661 303 750 Erigit
319 661 470 750 Absyrti,
488 677 585 749 atque
601 659 678 726 odio
694 661 889 728 tumefactus
908 665 996 728 inani

201 775 328 840 Efferus
346 773 475 856 AEetes,
492 791 613 839 certare
628 776 798 841 ultricibus
813 777 910 843 armis

203 892 241 954 [ιι
257 907 312 956 tun
328 892 392 955 fata
407 890 502 972 velit,
521 907 554 954 et
569 891 681 956 euntia
698 892 767 958 vela
783 893 926 974 morati,

201 1006 276 1070 Non
293 1006 409 1071 animis
425 1005 556 1088 cedam,
570 1028 639 1071 non
656 1007 769 1072 cedam
788 1009 889 1074 milite
906 1009 1022 1093 Graio,

201 1123 356 1215 iustaque
372 1123 405 1186 in
423 1121 575 1187 adversos
593 1124 794 1188 committam
809 1126 917 1222 praelia
939 1127 1079 1190 Colchos
1090 1158 1113 1191 υ.
1188 1151 1226 1198 aso

202 1237 253 1301 Sic
268 1237 313 1301 ait
327 1260 335 1301 :
355 1237 408 1301 illa
423 1237 511 1326 gravi
527 1236 698 1302 ductorem
720 1237 816 1304 affata
833 1239 945 1305 dolore
962 1257 1034 1306 est:

251 1351 362 1416 «Num
380 1351 469 1416 venti
485 1374 558 1416 mea
570 1365 662 1434 vota,
681 1353 779 1418 simul
794 1370 851 1420 tua
864 1355 964 1422 verba
982 1359 1145 1435 tulerunt,

203 1464 377 1548 AEsonide,
395 1489 432 1531 ac
446 1469 566 1556 pariter
581 1489 674 1532 ouras
689 1470 849 1559 pepulere,
859 1470 1002 1559 priores?
1065 1525 1070 1532 .

203 1583 361 1671 Tempora
377 1583 536 1664 causaris,
558 1583 724 1674 subitique
741 1585 884 1674 pericula
899 1585 996 1664 belli,

202 1702 377 1790 Postquam
393 1703 429 1765 in
445 1700 586 1766 deterius
601 1702 688 1790 lapsa
704 1717 753 1767 est
765 1703 897 1770 fortuna
914 1703 1010 1770 Citeae
1186 1725 1224 1774 tr⁵

203 1809 377 1906 Coniugis,
396 1832 429 1881 et
447 1833 645 1881 nosternon
664 1833 714 1880 est
728 1819 912 1905 reparabilis
929 1824 1034 1884 error!
1106 1859 1108 1864 ·

202 1929 299 1994 Nunc
315 1929 453 1996 Martem
472 1929 603 1994 differre
619 1929 716 2011 libet,
739 1952 830 1996 nunc
847 1932 998 1997 Colchica
1015 1934 1115 2016 bella,

202 2043 278 2106 Post
294 2042 458 2107 connubia
472 2059 564 2131 pacta
582 2059 848 2132 exspectantesque
867 2045 1065 2134 hymenaeos.
1145 2116 1156 2130 Ι,

201 2155 253 2220 Tu
271 2171 399 2222 tanturn
415 2154 542 2220 confide
559 2156 656 2238 mihi,
673 2153 807 2244 placabo
826 2158 988 2225 furentem

199 2271 419 2354 Germanum,
436 2287 468 2336 et
484 2269 610 2337 blandis
627 2293 824 2360 componam
841 2273 948 2362 praelia
964 2274 1075 2358 dictis,
1189 2296 1227 2335 ⁵0·

202 2387 336 2478 Legatos
351 2387 446 2452 donis
463 2389 628 2470 mulcens,
644 2403 742 2477 atque
759 2387 858 2454 effera
874 2390 1004 2456 corda».

245 2503 375 2568 Phasias
391 2503 441 2568 his
458 2520 609 2569 moestum
622 2505 729 2570 verbis
747 2507 869 2570 solatur
882 2524 1061 2589 amantem,

202 2618 450 2706 Ancipitemque
466 2617 586 2681 iterum
603 2618 716 2682 vinciis
731 2619 940 2708 propioribus
955 2637 1065 2688 arctat.
1163 2697 1165 2702 ¹

202 2732 296 2824 Cogit
311 2733 393 2798 inire
409 2730 521 2815 dolos,
539 2749 571 2796 et
585 2733 764 2820 peruiciosa
781 2756 893 2823 parare

203 2846 306 2911 Exitia
324 2846 481 2934 Absyrto,
501 2867 561 2910 nec
579 2868 646 2910 ιιοιι
663 2847 858 2934 praemittere
874 2847 961 2914 dona
1191 2874 1229 2912 sos

203 2961 363 3049 Hospitii,
379 2960 535 3026 AEsonius
553 2983 625 3048 quae
643 2982 749 3048 nuper
763 2961 901 3024 contulit
918 2962 1024 3026 heros.

204 3076 240 3139 Ιιι
257 3075 370 3163 primis
387 3074 520 3163 peplum
538 3074 749 3162 Hypsipyles,
769 3073 860 3163 quod
876 3076 1016 3142 tinxerat
1031 3079 1145 3146 ardens

203 3189 368 3278 Purpura,
387 3205 419 3252 et
433 3188 560 3278 Ogygio
579 3188 797 3276 pulcherrima
816 3189 926 3255 Gratia
943 3193 1068 3258 Baccho

202 3307 277 3370 Arte
290 3303 447 3370 laboravit
468 3301 604 3368 madidae
622 3325 725 3392 prope
743 3304 838 3369 litora
856 3306 934 3372 Diae.

201 3421 277 3484 Haec
295 3419 444 3484 Bromius
462 3433 539 3482 nato
558 3417 674 3484 tribuit
688 3437 901 3486 monumenta
917 3422 1076 3504 Thoanti,
1189 3447 1227 3484 ι...

201 3535 449 3623 Hypsipylaeque
466 3533 589 3614 Thoas;
609 3531 685 3598 dein
704 3535 851 3617 Lemnia,
872 3538 978 3602 saucia
993 3561 1123 3620 amore,

199 3649 323 3739 Regina
341 3648 492 3738 Argolico
511 3645 567 3711 dat
582 3647 668 3738 regia
684 3646 770 3711 dona
784 3663 933 3736 tyranno.

202 3764 287 3827 Hinc
304 3761 388 3827 odor
406 3752 588 3826 ambrosius
607 3760 705 3850 gratis
721 3760 882 3827 afflatibus
902 3764 1010 3840 haesit,

201 3877 357 3941 Incubuit
372 3892 546 3964 postquam
560 3850 688 3963 rapietis
703 3875 848 3940 Minoida
868 3893 976 3942 natam

198 3992 359 4072 bacchus,
374 4005 407 4054 et
423 3987 557 4054 adverso
572 3988 742 4068 conjunxit
756 4007 888 4078 pectore
904 4009 1032 4080 pectus,
1187 4017 1224 4057 ιιι

202 4105 376 4195 Postquam
392 4104 559 4172 Gnosiacis
577 4104 761 4168 comitatam
781 4105 912 4171 carbasa
927 4107 967 4171 ab
984 4109 1053 4195 oris,

200 4220 321 4303 Attica,
341 4217 480 4282 crudelis
496 4216 639 4282 Theseus
657 4217 692 4283 in
710 4219 804 4282 litore
818 4221 885 4284 Diae
