3220 5128
461 564 890 630 ARGONAUTARUM.
1139 563 1201 642 doli

149 676 223 752 vide
242 703 274 751 et
295 685 437 752 Schmid.
459 687 499 751 ad
518 687 611 752 Pind.
628 688 722 776 Pyth.
739 686 795 769 IV,
818 710 850 775 p.
871 685 945 752 268.
964 688 989 748 A
1005 685 1131 773 Pyrrho
1147 709 1205 752 ne-

149 809 226 881 pote
248 791 365 858 reduo'e
385 793 552 856 restitutus
575 792 669 857 etiarn
692 814 793 880 regno
820 789 954 871 dicitur,
975 789 1065 877 quod
1084 791 1203 856 iterum

149 919 206 985 per
220 896 369 961 Orestem
386 896 508 979 amisit,
533 896 673 985 indeque
695 896 861 961 confectus
879 918 1015 960 murore
1039 895 1129 960 obiit.
1151 895 1202 960 Ad

150 1000 292 1064 militaris
309 1001 357 1064 rei
372 1000 554 1083 seientiam,
577 1025 641 1089 qua
658 1001 773 1081 valuit,
797 999 952 1087 pertinet,
974 1000 1063 1087 quod
1079 1010 1203 1082 μάχαιραν

149 1105 308 1169 invenisse
325 1104 449 1170 dicatur
463 1128 481 1170 a
497 1105 606 1170 Servio
622 1104 661 1170 ad
681 1106 766 1195 Virg.
778 1104 854 1169 AEn.
870 1107 935 1186 lx,
952 1103 1024 1170 505.

193 1317 428 1400 PENELEUS,
456 1319 539 1384 filius
568 1320 748 1408 Hippalon,
777 1320 837 1384 soli
862 1319 1061 1409 Apollodoro
1083 1317 1206 1398 notus,

148 1421 258 1502 nobis,
271 1421 358 1487 unde
372 1426 511 1506 venerit,
528 1441 583 1488 aut
600 1441 691 1490 ortus
706 1426 763 1507 sit,
780 1427 913 1488 minime
928 1440 1063 1489 constat.
1077 1425 1202 1488 Merno-

147 1542 238 1590 ratur
255 1529 415 1610 Penelens,
440 1529 520 1594 Leiti
539 1528 643 1613 lilius,
667 1532 751 1594 inter
768 1553 883 1618 procos
900 1530 1047 1610 Helenae,
1066 1545 1103 1592 ut
1119 1526 1201 1592 vidi·
1329 1564 1332 1572 ι

147 1653 221 1696 mus
235 1633 267 1695 in
283 1635 386 1713 letio,-
403 1633 459 1699 sed
473 1635 525 1700 ille
540 1635 635 1702 s'unul
651 1658 728 1724 ergo
746 1658 820 1700 curn
839 1651 928 1722 patre
943 1634 1107 1699 debuisset
1120 1632 1203 1696 mili-

145 1753 223 1802 tare.
240 1737 456 1828 Hispalemum
471 1741 597 1830 Pelopis
615 1740 716 1805 lilium
733 1741 858 1830 reperio
874 1738 959 1829 apud
980 1739 1087 1804 Schol.
1106 1736 1200 1802 Pind.

148 1842 277 1932 Olymp.
299 1845 331 1926 I,
354 1851 431 1925 1443
454 1847 511 1910 sed
537 1845 577 1910 de
604 1846 672 1926 ejus
696 1829 847 1935 conjugio
873 1863 929 1910 aut
959 1844 1094 1934 posteris
1120 1843 1203 1907 nihil

148 1949 239 2030 novi,
257 1967 289 2014 et
311 1973 352 2014 an
373 1950 459 2017 idern
481 1953 538 2033 sit,
559 1952 616 2039 qui
632 1951 837 2040 Hippalmon
861 1967 947 2014 certe
970 1951 1014 2014 ita
1032 1963 1201 2014 voratura

147 2054 254 2118 Schol.
276 2055 437 2145 Euripidis
466 2058 499 2120 in
528 2059 658 2136 Oreste,
679 2079 724 2120 vs.
745 2056 775 2121 5.
802 2056 964 2136 Penebeus,
991 2056 1074 2122 Leiti
1096 2054 1201 2134 filius,

145 2159 330 2224 Boeotorum
350 2161 415 2226 dux
432 2161 466 2224 in
492 2161 575 2226 bello
589 2159 730 2241 Trojano
753 2161 793 2226 ab
816 2164 960 2226 Homero.
983 2178 1015 2225 et
1033 2161 1100 2225 aliis
1117 2160 1200 2224 eele—
1303 2221 1308 2228 .

146 2263 276 2346 bramr3
301 2268 397 2331 simul
415 2289 489 2331 cum
510 2269 601 2331 Leito
624 2267 751 2332 duxisse
773 2268 880 2356 copias
903 2267 982 2331 dicit
997 2269 1092 2331 Hom.
1109 2263 1200 2328 lliad.

147 2369 195 2451 ll,
208 2394 253 2435 vs.
268 2375 351 2458 4943
373 2395 471 2460 quem
488 2372 623 2438 Penelea
639 2397 679 2436 ao
696 2371 857 2436 diversum
875 2373 985 2453 faeiat,
1001 2395 1042 2436 an
1060 2371 1200 2434 consun-

111 2525 117 2542 .
147 2473 202 2538 dat
215 2499 290 2541 cum
303 2480 507 2568 Argonauta,
521 2501 589 2567 cap.
608 2503 661 2566 27,
678 2479 845 2568 Hyginus,
871 2480 998 2560 nesei03
1012 2501 1089 2542 nam
1104 2476 1204 2554 dicit,

145 2580 289 2670 Hippalle'
299 2600 332 2648 et
347 2587 512 2672 Asteropes
530 2583 630 2649 lilium
649 2585 763 2665 fuisse;
781 2583 963 2672 Hr'ppallum
981 2605 1057 2647 vero
1073 2582 1201 2669 Pelopis

146 2704 179 2749 et
201 2688 422 2777 Hippodamiae
448 2689 547 2753 filiurn
572 2690 634 2754 fab.
658 2689 716 2770 85,
742 2711 838 2776 quern
864 2689 916 2752 slii
941 2687 1142 2776 Hg'opalmum
1168 2701 1201 2750 et

145 2791 376 2880 Hippalcimum
394 2811 528 2876 roeant;
549 2795 621 2860 vide
640 2794 790 2858 Munkeri
816 2810 918 2857 notas.
941 2793 1045 2873 Hujus
1067 2789 1201 2855 Penelei

147 2919 247 2986 nepos
275 2898 385 2964 itidem
410 2902 569 2982 Penehns,
594 2899 744 2966 conditor
768 2899 879 2988 oppidi
903 2897 1011 2962 Paneli
1038 2895 1198 2960 dicituro

145 3001 308 3090 Stephano
325 3007 358 3070 in
375 3017 491 3078 Πάνιλος.
509 3008 616 3074 Leitus
631 3027 707 3070 vero
722 3003 841 3069 dieitur
858 3005 987 3068 Lucreti
999 3018 1030 3066 et
1046 3000 1198 3066 Cleobulis

146 3106 246 3189 lilius,
260 3135 330 3198 quse
344 3113 438 3176 etiam
455 3114 585 3177 nomina
602 3127 771 3200 corrupta3
790 3133 864 3174 nam
881 3108 1135 3198 quodAlectoris
1146 3107 1198 3170 vel

144 3211 340 3300 Alectryorru
355 3218 522 3282 restituant
538 3217 596 3281 viri
612 3217 717 3298 docti,
729 3215 931 3280 arbitrarium
944 3231 1008 3297 est3
1023 3213 1137 3278 melius
1149 3230 1200 3276 est

145 3337 326 3408 exspectare
341 3324 486 3387 certiora.

188 3539 534 3627 PERlCLYlllENUS,
553 3546 646 3610 Nelei
657 3545 755 3627 filius,
772 3548 867 3610 frater
886 3545 1048 3625 Nestoris,
1069 3545 1109 3607 ab
1124 3567 1198 3608 om·

144 3643 240 3708 nibus
261 3645 438 3712 celebratus
459 3650 542 3712 inter
562 3652 779 3738 Argonautas,
803 3647 876 3712 vide
892 3650 1041 3736 Apollon.
1058 3650 1092 3728 l,
1119 3647 1201 3728 156,

143 3763 177 3810 et
188 3749 232 3812 ibi
251 3750 375 3833 Schol.;
390 3754 485 3816 llom.
501 3753 615 3844 Odyss.
631 3757 694 3836 Xl,
710 3755 783 3819 380.
799 3753 949 3841 Orpheus
964 3752 1041 3816 dicit
1055 3775 1127 3816 eum
1143 3777 1197 3816 ve-

143 3855 229 3918 nisse
244 3878 284 3920 ex
300 3858 442 3939 Pallene,
458 3861 506 3923 vel
519 3861 648 3926 Pellene
664 3861 752 3948 (vide
766 3859 1015 3924 Escchenbaebii
1034 3859 1155 3945 notas),
1168 3877 1200 3922 et

142 3960 271 4047 Lipare.
292 3963 438 4052 Hyginus
455 3987 533 4028 vero
550 3967 676 4052 Pylium
698 3968 790 4048 lacit;
819 3966 1007 4030 Scholiastes
1025 3987 1101 4028 vero
1120 3965 1197 4028 Pin-

143 4063 211 4127 dari
233 4065 272 4128 ad
296 4067 390 4155 Pytb.
409 4069 464 4149 lV,
487 4069 524 4150 3,
550 4087 582 4134 et
598 4071 692 4134 Nem.
714 4073 777 4152 lll,
800 4073 853 4152 61,
874 4067 965 4134 Nekt'
985 4087 1017 4132 et
1044 4069 1198 4134 Chloridis

143 4167 243 4233 lilium
262 4171 353 4252 facit,
372 4195 468 4258 quam
489 4175 637 4239 Chlorido
658 4175 733 4240 dicit
752 4177 849 4240 fuisse
868 4175 960 4240 filiam
977 4175 1124 4256 liresiae,
1140 4175 1197 4240 ubi

142 4295 216 4338 eum
234 4277 431 4364 Amphiarao
446 4302 636 4368 congressus
653 4281 786 4364 dicitur;
802 4282 863 4346 nisi
880 4283 921 4348 sit
939 4281 1082 4346 diversus
1102 4305 1198 4346 ano-
