3102 5128
326 451 389 557 c.
414 449 723 557 vitnau
752 449 1026 555 rutum
1067 409 1072 424 ’

475 737 682 818 SETINI
717 735 895 814 BALBI

287 911 1059 1110 inconturrcou

424 1271 601 1350 uranu
640 1269 926 1384 octavus.

489 1527 850 1562 ..down-n—

362 1769 609 1840 ANALYSIS
639 1769 779 1838 LIBRI
810 1770 1006 1838 OCTAVI.

138 1962 272 2034 Medea,
286 1961 377 2039 patris
391 1961 463 2022 iram
477 1963 595 2033 timens,
610 1961 742 2019 ultimum
757 1959 883 2018 thalamo
898 1957 1065 2036 mundoque
1078 1955 1213 2016 muliebri

187 2055 257 2112 vale
281 2052 370 2126 dicit,
394 2053 521 2112 arculam
541 2053 694 2130 sinumque
716 2053 813 2130 ipsum
834 2049 1072 2110 medicaminibus
1093 2063 1213 2122 onerat,

188 2147 250 2225 piis
264 2158 359 2204 tumen
374 2165 430 2223 pro
447 2145 647 2204 incolumitate
665 2144 757 2222 patris
769 2142 845 2202 votis
865 2144 962 2215 lactis,
986 2163 1054 2202 ense
1073 2142 1167 2202 cincta
1183 2143 1213 2200 in

189 2240 290 2298 lucum
311 2251 468 2316 properat,
493 2241 584 2296 1-23.
609 2243 696 2297 lason
722 2236 764 2296 ibi
788 2256 852 2295 eam
871 2237 1041 2316 praestolans
1062 2248 1214 2314 parentem

190 2328 316 2407 excipit,
330 2327 501 2408 blandisque
526 2329 640 2402 verbis,
658 2343 691 2389 ut
712 2329 798 2388 tantis
817 2328 854 2387 de
878 2349 908 2388 se
928 2327 1037 2388 meritis
1057 2327 1164 2400 addat,
1184 2339 1214 2384 et

192 2441 281 2499 opem
299 2421 330 2478 in
350 2420 543 2500 expugnando
557 2423 665 2480 vellere
678 2440 767 2479 aureo
782 2419 929 2479 ferendam
952 2434 1031 2493 orat,
1051 2426 1150 2487 Mell-
1165 2417 1214 2476 td

192 2514 256 2572 haec
272 2514 313 2572 ita
333 2513 488 2594 respondet
502 2513 660 2593 singultans
674 2514 771 2592 virgo,
786 2512 914 2590 deosque
931 2525 960 2570 et
973 2512 1069 2571 sidera
1087 2511 1215 2570 obtesta-

193 2619 240 2677 ta,
255 2617 301 2679 ut,
316 2626 381 2684 quaa
396 2606 486 2684 ipsius
501 2627 587 2666 causa
607 2621 636 2666 et
655 2620 769 2685 patrem
791 2619 820 2664 et
839 2605 963 2685 patriam
978 2618 1008 2664 et
1025 2618 1138 2682 sceptra
1152 2603 1216 2661 reli·

192 2700 317 2777 quisset,
337 2700 364 2757 ei
378 2698 466 2758 fidem
484 2720 599 2759 servare
612 2700 683 2760 velit
695 2705 802 2771 lason,
820 2699 922 2767 45-53.
939 2702 1014 2756 Tum
1035 2697 1072 2756 ad
1091 2697 1213 2754 interio-

192 2811 254 2851 rem
265 2794 362 2850 lucum
373 2791 459 2850 ambo
470 2793 615 2871 progressi
619 2814 628 2864 ;
638 2805 677 2865 et,
688 2792 813 2850 dracone
828 2803 995 2868 conspecto,
1008 2794 1096 2848 lason
1108 2787 1216 2846 cohor-

193 2883 294 2955 rescit,
310 2883 358 2942 cui
370 2903 460 2962 quum
473 2883 622 2962 optionem
635 2883 759 2943 dedisset
770 2881 891 2956 Medea,
907 2895 1006 2942 utrum
1021 2881 1083 2960 ipse
1100 2899 1166 2968 cum
1179 2900 1215 2938 eo

192 2990 337 3034 certamen
355 2977 443 3048 inire,
465 2997 501 3035 an
521 2997 624 3036 somno
644 2976 777 3035 eumdem
796 2977 887 3054 mergi
901 2975 1004 3046 vellet,
1025 2973 1169 3052 posterius
1185 2992 1215 3032 se

193 3068 279 3126 malle
292 3068 414 3126 tacendo
430 3069 560 3146 profiteri
576 3069 704 3140 videtur,
729 3068 833 3141 54-67.
853 3073 949 3128 Deum
968 3067 1055 3147 igitur
1076 3071 1215 3127 Somnum

193 3158 298 3218 Medea
310 3160 460 3238 implorat,
476 3173 525 3233 ut,
540 3160 680 3239 quidquid
695 3161 799 3219 virium
814 3160 920 3220 habeat
932 3159 1172 3237 soporiferamm,
1185 3158 1215 3214 in

195 3270 283 3309 unum
296 3251 426 3310 conferat
441 3250 612 3324 draconem3
624 3273 679 3311 nec
692 3254 755 3331 ipsa
770 3252 865 3327 deses,
881 3253 933 3312 diu
944 3252 1139 3312 obluctantem
1155 3270 1216 3310 ser-

194 3359 310 3422 pentem
323 3344 449 3402 carmine
462 3358 491 3403 et
505 3345 614 3405 artibus
628 3347 746 3424 magicis
757 3349 788 3404 in
799 3365 932 3405 somnum
943 3344 993 3420 dat
1003 3345 1216 3421 dormientique

194 3435 267 3495 adeo
288 3436 398 3509 illudit,
419 3437 545 3508 lid-rol.
568 3433 632 3498 Jam
656 3458 727 3497 vero
750 3443 885 3497 iasonem
907 3438 1097 3509 cohortatur,
1121 3450 1154 3495 ut
1178 3435 1215 3494 ad

196 3530 285 3589 vellus
304 3528 493 3588 auferendum
513 3530 647 3591 arborem
667 3529 856 3600 conscendat,
874 3531 995 3606 ipsoque
1015 3529 1142 3588 dracone
1160 3547 1216 3606 pro

192 3619 270 3678 scala
287 3631 393 3678 utatur.
415 3621 462 3680 Sic
479 3621 567 3700 igitur
587 3622 657 3680 lacit
674 3621 803 3698 juvenis,
819 3620 911 3679 vellus
924 3621 1012 3680 ramis
1026 3621 1159 3699 expedit,
1171 3634 1215 3692 et,

193 3710 243 3788 qni
265 3709 399 3771 arborem
422 3725 505 3772 antea
527 3712 757 3772 circumdederat
775 3711 929 3790 splendor,
950 3714 974 3771 is
994 3733 1048 3792 per
1067 3731 1214 3790 eampum,

193 3822 280 3880 quem
296 3802 449 3864 redeuntes
464 3810 552 3864 lason
570 3819 599 3864 et
615 3803 720 3864 Medea
735 3817 951 3877 transcurrunt,
965 3803 1105 3862 funditur.
1120 3807 1217 3880 Argo-

193 3908 287 3954 nautae
302 3914 401 3956 omnes
411 3902 549 3975 Argoque
563 3897 625 3974 ipsa
638 3896 755 3955 obviam
769 3895 902 3969 veniunt,
915 3894 962 3954 cui
976 3894 1129 3953 immittere
1144 3913 1217 3971 prte-

195 3986 262 4045 ‹lam
276 4001 414 4067 properat
424 3994 529 4061 lason,
550 3987 655 4046 deinde
669 3987 773 4046 Medea
789 3987 893 4047 comite
908 3986 1012 4058 insilit,
1029 3999 1058 4044 et
1073 3985 1159 4043 armis
1175 3985 1216 4042 in-

195 4078 283 4138 dutus
295 4079 388 4140 adstat
401 4081 437 4140 ad
451 4101 482 4140 se
495 4101 604 4160 suaque
616 4079 797 4142 defendenda
810 4094 942 4160 paratus,
955 4078 1090 4138 rob-133.
1103 4082 1217 4138 Interea

195 4171 276 4248 rapti
283 4172 397 4232 velleris
417 4192 518 4232 rumor
541 4172 578 4232 ad
599 4172 701 4233 urbem
721 4176 866 4251 pervenit,
884 4172 990 4233 Medea
1008 4191 1149 4250 nusquam
1168 4172 1220 4231 in·
