3150 5126
518 557 884 625 ARGONAUTICA.
1171 557 1236 624 315

206 690 358 759 Defessus
375 689 524 778 qnorum
541 690 761 756 annuendam
773 691 870 772 jussit
884 691 1026 772 amicos,
1130 767 1133 772 ¹
1185 709 1237 750 11³⁵

205 802 259 869 Ad
272 826 355 892 quos
370 821 420 870 est
431 805 538 870 verbis
551 804 679 870 blandis
692 825 825 896 quoque
838 824 940 895 pauca
954 806 1111 894 loquutus
1122 828 1133 872 t

250 948 264 973 ι
276 919 375 983 Nunc
393 920 490 986 etiam
505 919 637 1002 durate,
653 921 730 986 viri:
751 921 844 986 lulnrr
857 922 995 986 ultimus
1012 920 1068 984 hic
1082 935 1150 1004 est,

209 1033 286 1116 Quo
303 1055 363 1098 uec
375 1034 442 1114 jem
456 1035 584 1124 gravior
596 1035 768 1119 succedet3
779 1037 911 1125 jamque
927 1055 989 1126 ogo
1003 1036 1110 1120 durus

212 1146 346 1235 Aspioio
362 1148 505 1238 Zephyri
520 1147 631 1232 flatum
650 1149 853 1239 striduntque
869 1171 929 1240 per
942 1149 1051 1216 undu

210 1261 333 1326 Oceani
353 1261 434 1326 ririhi
446 1286 515 1328 non
535 1265 655 1356 ignotos
672 1267 899 1332 lottiusnurre.
1158 1293 1160 1298 ·
1189 1283 1241 1329 nto

208 1375 274 1440 Sed
286 1400 424 1467 propere
438 1377 560 1444 mulum
577 1378 684 1444 media
698 1377 822 1446 firmate
840 1381 971 1464 codun,

209 1489 329 1556 Solvite
342 1493 412 1564 vela
426 1493 492 1558 suis
506 1493 548 1558 de
564 1492 720 1578 funibus,
742 1517 832 1560 arma
847 1511 997 1584 parantes

169 1688 177 1700 ·
209 1604 355 1689 Ordine,
376 1607 489 1674 dextra
510 1608 593 1676 lutus
606 1609 751 1700 prudens
768 1626 905 1692 encrnct
918 1626 1096 1699 utrumqne
1105 1639 1133 1676 r.

255 1721 307 1786 sic
325 1722 370 1786 illi
389 1741 550 1814 perugunt
562 1727 709 1792 certatim
726 1743 862 1809 eunom,
875 1725 936 1791 sed
951 1727 1020 1792 into
1108 1721 1111 1726 ’

212 1837 239 1900 Ε
255 1837 359 1903 fundo
378 1862 533 1906 resonans
552 1840 607 1906 dat
623 1865 737 1909 rocem
753 1843 882 1908 concita
893 1845 1003 1932 lngus,
1188 1859 1243 1904 uta

211 1953 361 2043 Argolica
377 1955 479 2020 Pallas
496 1958 600 2022 secuit
614 1981 715 2047 qnam
732 1957 804 2023 dira
824 1931 974 2046 bipenni,

214 2070 320 2156 Atque
335 2069 380 2134 ait
394 2070 442 2158 (at
455 2072 579 2136 circum
595 2089 710 2162 stupor
725 2073 802 2139 inde
818 2073 978 2138 invaserat
992 2071 1137 2162 omneslt

201 2171 207 2188 ⁴
257 2214 272 2240 ι
282 2185 356 2249 Heu
369 2187 439 2249 me!
459 2207 601 2275 namque
615 2188 740 2253 utinam
753 2187 864 2253 collisa
880 2203 914 2252 ct
928 2187 1054 2276 perdita
1067 2187 1196 2260 dudum

214 2300 352 2387 Cyaneis
367 2302 466 2389 petris
480 2303 601 2366 Euxini
619 2303 653 2368 in
669 2301 821 2368 fluctibns
833 2325 952 2385 essem,

214 2414 322 2496 Quam
338 2438 426 2479 nunc
439 2417 574 2482 stultitia
586 2439 702 2508 regum
719 2418 788 2482 haec
802 2418 979 2507 opprobria
993 2437 1164 2506 nunqnam
1189 2441 1242 2481 ¹15⁰

216 2530 346 2595 Credita
358 2532 554 2620 perferrem!
571 2555 647 2596 nam
664 2553 717 2596 me
734 2530 800 2596 fera
813 2553 941 2621 semper
954 2533 1094 2621 Erinnys

217 2643 348 2733 Absyrti
365 2645 470 2709 effuso
486 2645 613 2735 cognati
629 2663 709 2710 sera
722 2667 839 2712 cratone

216 2761 247 2822 A
259 2773 349 2848 tergo
360 2759 563 2847 insequitur3
576 2758 703 2823 damnis
718 2775 851 2847 quoque
865 2757 982 2823 damna
994 2775 1178 2848 gravantur.

218 2874 284 2938 ilas
299 2873 397 2964 igitur
411 2874 484 2939 ooesi
500 2853 611 2964 poenas
624 2873 817 2962 scelerisque
833 2872 966 2938 nefandi

218 2987 352 3053 Persero
372 2987 482 3054 fatales
500 3011 589 3053 nunc
603 2989 670 3052 huc
686 2989 825 3077 impulsa
840 3011 900 3077 per
918 2987 1035 3054 undas.
1113 2997 1117 3008 ‘
1192 3008 1243 3072 ¹¹⁵⁵

219 3103 310 3188 Quin
324 3125 381 3168 vos
397 3126 450 3168 me
463 3104 604 3194 scopulis
622 3103 718 3169 sacris
738 3103 904 3169 immittite
919 3117 1027 3187 terrm,

219 3219 326 3306 Inque
343 3219 433 3284 sinus
448 3231 578 3284 nostros
594 3220 698 3309 pelagi
713 3219 881 3309 perducite
896 3221 1026 3304 nostri,

219 3335 452 3422 Oceanumque
467 3351 572 3418 extra,
585 3351 683 3424 atque
697 3337 858 3402 Atlantica
873 3338 1169 3405 monstraremus».

265 3449 317 3514 Sic
333 3451 429 3514 effata
444 3451 564 3538 premit
577 3473 710 3534 vocem3
724 3467 796 3516 turn
813 3446 962 3516 funditus
976 3453 1083 3518 onmis
1235 3467 1242 3481 ·

221 3563 278 3630 Vis
289 3565 389 3629 animi
401 3564 522 3653 Minyis
535 3564 722 3653 obtorpuit,
738 3562 870 3629 horrida
886 3565 951 3630 lata
1105 3540 1107 3548 Ι
1196 3586 1245 3624 nu

220 3677 386 3743 AEsouidae
404 3677 523 3742 nimios
536 3678 662 3766 passuri
679 3693 813 3766 propter
824 3699 966 3755 amores,

159 3805 161 3810 '
221 3792 390 3879 Multaque
403 3812 462 3881 per
478 3813 591 3856 sensus
610 3791 747 3855 volvunt
758 3790 793 3853 in
805 3803 936 3878 pectore
950 3813 1097 3872 umcros,

222 3909 275 3970 An
288 3929 403 3971 saevam
420 3905 509 3972 ferro
528 3907 707 3995 perimant,
724 3921 758 3970 et
772 3905 914 3996 piscibus
934 3929 1041 3972 escant

223 4019 371 4086 Medeam
382 4021 518 4103 jaciant,
531 4037 618 4086 retro
634 4035 670 4085 et
682 4035 825 4086 vertatur
837 4022 994 4110 Erinnys,

223 4137 265 4201 Ni
282 4138 346 4200 cito
362 4137 512 4202 sensisset
528 4137 764 4226 superinclytus
781 4137 904 4204 AEsone
917 4154 1031 4219 nattis,
1199 4157 1248 4195 11⁶⁵

224 4253 445 4340 meximeque
458 4253 556 4336 irum,
573 4267 670 4342 atquc
688 4255 812 4319 animos
828 4253 988 4341 cujusque
1006 4253 1180 4342 precando.
