3150 5126
355 515 419 594 284
796 521 989 586 OllPllEl

399 651 601 740 Magnanimi
617 651 820 742 urgebant),
833 652 954 742 Tegees
974 653 1087 718 tellure
1106 653 1224 718 relicta.

398 765 497 830 Venit
512 781 546 830 et
559 765 700 855 Erginus
716 764 873 849 Branchi,
890 767 1066 832 cultissima
1081 767 1232 856 linquens

396 881 439 948 Et
449 881 586 970 patriam
600 881 692 946 celsis
705 903 781 948 curn
799 882 959 949 maenibus
974 905 1049 966 arva
1062 883 1182 965 Mileti,

396 995 554 1062 Mandri
572 996 607 1060 in
623 1017 693 1062 sese
708 1019 781 1086 quas
795 997 943 1064 verbemt
961 997 1049 1064 unda
1065 1019 1245 1066 recurrens.

396 1110 523 1178 Deinde
535 1111 777 1202 Periclymenus
793 1112 924 1178 Nelides
939 1111 1035 1178 affarit
1053 1135 1119 1178 una
1389 1131 1427 1170 ns

369 1265 377 1284 ι
396 1227 550 1292 Pellenen
566 1228 658 1310 juxta
674 1227 826 1316 linquens
848 1227 1078 1318 madidamque
1092 1229 1255 1317 Lipeaon,
1359 1301 1364 1308 ‚

396 1343 478 1432 Asty
495 1364 594 1407 suum
609 1341 716 1423 dives,
733 1345 919 1432 positasque
937 1344 971 1406 in
993 1359 1106 1408 monte
1123 1343 1274 1408 Celonas.

393 1458 445 1523 'l'u
463 1456 629 1547 Calydone
646 1457 756 1538 venis,
774 1457 868 1522 sortis
881 1457 1059 1548 Meleagro,
1073 1459 1200 1540 relicta,

395 1573 505 1656 Quem
524 1573 599 1637 tulit
613 1573 647 1636 in
665 1573 765 1636 roseis
782 1571 906 1637 Altheae
919 1571 1119 1661 amplexibus
1132 1573 1280 1640 OEnens.

395 1687 540 1777 Iphiclus
558 1689 620 1752 alta
637 1709 748 1752 secana
761 1687 924 1753 Auacesia
943 1703 1054 1778 stagna
1068 1687 1215 1778 reliquit,
1389 1710 1425 1747 ιω

394 1803 519 1868 Altheae
534 1802 590 1892 qui
606 1801 705 1866 frater
718 1817 801 1883 erat,
817 1823 948 1890 praeque
963 1801 1118 1867 omnibus
1134 1803 1192 1866 uni

394 1920 561 2000 Intentus,
578 1917 756 2008 Meleagro,
773 1916 833 1982 tibi
851 1915 1012 1982 laudanda
1031 1917 1193 1984 monebat.

392 2032 523 2096 Transit
536 2048 569 2096 et
581 2032 732 2096 Asterion
749 2031 879 2120 genitus
895 2030 937 2094 de
953 2047 1043 2120 patre
1059 2031 1212 2112 Cometa,

393 2145 536 2210 Piresien
554 2143 723 2234 linquens,
738 2143 795 2209 ubi
813 2119 934 2210 mixtus
948 2143 1117 2233 Apidanus
1134 2144 1230 2210 undis

392 2261 493 2326 Penei
507 2259 626 2325 fluctus
641 2281 832 2324 communes
849 2260 949 2324 mittit
963 2261 996 2323 in
1014 2252 1135 2349 aequor.
1385 2281 1425 2321 res

393 2376 504 2465 Liquit
518 2392 552 2440 et
567 2373 769 2464 Eurydamas
782 2396 960 2463 properans
975 2374 1142 2440 Boebeidos
1161 2377 1264 2465 algam

394 2492 504 2557 Peneo
521 2491 639 2579 illapsae
657 2489 815 2555 Meliboeae
833 2489 951 2554 tnoenia
963 2491 1065 2570 juxta.

435 2606 479 2669 At
495 2619 669 2692 postquam
684 2602 824 2668 Elatides
838 2603 1058 2691 Polyphemus
1076 2604 1203 2691 prosilit
1221 2605 1337 2694 ingens

392 2718 540 2800 Viribus,
557 2719 739 2805 heroasque
755 2718 841 2782 inter
857 2740 918 2782 ceu
938 2716 1065 2782 flamma
1081 2717 1266 2808 refulgens,

392 2834 501 2898 Eneus
518 2835 607 2898 venit
622 2835 745 2914 Caenei,
760 2855 856 2921 quem
876 2833 974 2913 lama,
994 2833 1134 2920 rapacis,

392 2947 569 3035 Urgentem
587 2947 735 3034 Lapithas
753 2947 945 3010 Centaurica
959 2947 1020 3010 tela
1035 2948 1164 3030 tulisse,

392 3059 596 3124 Translixum
614 3061 761 3125 trabibus
777 3061 921 3148 abiegnis
941 3081 1074 3148 corpora
1093 3062 1216 3151 longis,

393 3170 592 3235 Sustinuisse
609 3188 715 3236 tamen
734 3195 840 3262 genua
855 3174 1019 3237 incurvata
1037 3175 1217 3256 furentem,

390 3285 434 3348 Et
447 3284 555 3348 vivum
571 3307 695 3368 manes,
713 3286 928 3375 tenebrasque
941 3273 1266 3359 Acherontisadisse.

391 3398 489 3463 Venit
503 3415 536 3462 et
551 3401 621 3487 ipse
637 3399 750 3464 Pheris
760 3401 940 3482 Admetus,
959 3401 1110 3488 Apolline
1128 3403 1296 3490 quondam
1381 3427 1417 3477 ηε

391 3513 584 3579 Perfunctus
602 3537 713 3592 servo,
737 3519 854 3604 patrias
875 3516 954 3580 dum
973 3515 1105 3605 diffugit
1121 3518 1195 3582 iras.

389 3630 538 3718 Namque
555 3631 609 3695 ille
625 3631 792 3696 indomitis
809 3634 964 3720 Cyclopas
982 3635 1226 3722 morte.sagittis

388 3744 453 3811 Pro
470 3760 546 3811 nato
559 3747 730 3834 impatiens
745 3747 895 3811 affecerat
910 3762 985 3810 ante
1000 3760 1188 3834 perempto;

389 3860 609 3948 Actorionque
624 3861 662 3924 lli
680 3862 736 3948 qui
753 3859 837 3924 lilius
847 3861 1054 3940 Actorionis,

390 3973 541 4039 Saxosam
557 3974 708 4063 linquens
721 3975 889 4062 Opoenta3
904 3975 1037 4038 accessit
1051 3992 1083 4039 et
1099 3973 1190 4055 ldas;
1381 3999 1418 4036 aaa

390 4088 522 4178 Quique
532 4090 647 4180 procul
660 4092 758 4180 longe
773 4106 860 4154 trans
872 4089 1008 4170 aethera,
1026 4106 1113 4154 mans
1129 4112 1235 4171 mare,
1249 4090 1417 4180 Lynceus,

386 4203 428 4267 Et
441 4204 553 4268 subter
565 4205 716 4285 Plutum,
732 4220 889 4292 terraeque
906 4204 1055 4270 barathra
1070 4202 1242 4292 profundae
