3150 5126
508 535 896 612 ARGONAUTICA.
1176 536 1235 602 281

212 668 286 734 Sole
303 667 424 755 quibus
440 669 568 757 genitus
584 667 693 734 AEetes
710 683 824 758 regnat
839 667 873 730 in
890 667 965 730 oris.
1214 687 1238 726 ⁵⁵

212 783 296 848 Nam
313 782 422 847 timuit
438 781 541 847 Pelias
553 783 723 873 praesagia,
739 804 780 846 ne
797 761 859 846 sibi
874 780 967 870 regni
1007 831 1011 838 .

211 899 348 964 Auferat
363 896 537 963 AEson'ides
553 898 698 964 venturis
712 912 839 986 sceptra
854 895 980 962 diebus.

213 1011 397 1078 Fraudibus
416 1013 495 1078 inde
509 1012 576 1078 vias
591 1012 695 1078 fallaci
712 1011 811 1077 corde
827 1011 982 1078 struebat.

214 1127 341 1192 Vellera
357 1127 398 1193 de
414 1128 544 1193 Colchis
558 1151 634 1192 nam
645 1127 783 1208 jusserat
796 1149 894 1192 atrrea
904 1117 982 1192 ferri
1076 1159 1084 1170 ·

214 1241 411 1307 Thessaliam
425 1242 466 1307 ad
484 1244 659 1333 pinguem:
673 1241 730 1308 sed
745 1264 808 1307 vox
824 1258 862 1306 ut
877 1241 1017 1330 perculit
1031 1263 1123 1306 eures
1215 1260 1248 1298 ευ»

215 1357 335 1446 Impia,
347 1358 512 1424 lunonem
530 1359 680 1424 manibus
693 1373 787 1422 vocat
802 1357 854 1422 ille
869 1357 995 1440 levatis,

216 1473 309 1537 Hane
320 1474 426 1538 colere
441 1497 460 1539 e
474 1475 600 1540 cunctis
613 1474 727 1539 solitus
743 1473 921 1538 celestibus
937 1495 1049 1538 unam.

217 1586 274 1652 Illa
285 1586 406 1652 favens
409 1587 504 1668 justis
517 1587 667 1676 precibus
679 1588 731 1677 pia
743 1601 819 1652 vota
835 1602 973 1674 sequuta
988 1603 1054 1652 est:
1085 1651 1087 1656 ,
1127 1633 1130 1640 «

217 1703 365 1791 Namque
378 1702 552 1766 hominum
571 1704 672 1793 magis
688 1725 775 1767 unus
790 1718 859 1766 erat
872 1701 1008 1768 dilectus
1024 1703 1064 1766 ab
1079 1702 1130 1766 ills

218 1817 364 1882 Heroum
376 1815 558 1906 intrepidus
575 1817 812 1905 superinclytus
826 1815 949 1880 AEsone
965 1831 1069 1880 natus.
1215 1831 1239 1870 ⁶⁵
1308 1807 1322 1816 χ’

219 1932 355 2022 Cogitur
374 1931 453 1996 hinc
470 1930 512 1996 ad
531 1953 615 2020 opus
634 1931 754 2013 Pallas,
771 1933 900 1996 Iunone
915 1948 1063 1996 vocante.

217 2047 259 2111 At
275 2044 334 2110 dea
354 2045 513 2135 fagineam
526 2044 622 2110 celeri
638 2046 734 2110 struit
752 2044 866 2110 ordine
883 2047 1040 2135 puppim,

218 2160 435 2251 Remigioque
445 2175 548 2250 aptat,
566 2161 683 2224 falsum
696 2183 768 2249 quae
781 2162 886 2250 prima
899 2162 1101 2251 profundum

218 2275 380 2357 Prreterit,
397 2291 430 2339 et
444 2275 543 2364 pleno
558 2277 664 2340 tenuit
679 2297 737 2340 sua
750 2275 846 2340 litora
861 2298 970 2342 cursu.

261 2390 348 2479 Ergo
363 2390 419 2454 ubi
436 2389 659 2479 magnanimos
675 2411 766 2478 reges
780 2390 908 2480 collegit
921 2392 1034 2472 Iason,
1218 2423 1243 2461 ,ο

218 2507 358 2595 Impiger
372 2505 413 2570 ad
426 2505 573 2600 Thracen
586 2505 702 2569 celerat
713 2505 844 2593 vestigia
862 2521 1016 2570 nostram.

142 2609 144 2612 ⁵
217 2621 287 2684 Illic
302 2643 355 2684 me
371 2619 493 2685 cithara
506 2619 691 2684 sinuantem
707 2620 828 2707 plectra
843 2641 960 2683 canora

218 2735 365 2817 Invenit,
384 2750 422 2799 ut
435 2757 541 2799 sacros
557 2733 695 2798 facerem
713 2733 791 2813 tibi,
806 2732 976 2820 Delphice,
995 2727 1125 2815 cantus,

220 2851 293 2933 Qua
312 2850 470 2914 traherem
485 2850 649 2931 volucres,
661 2864 846 2936 serpentes,
859 2869 957 2929 voce,
975 2847 1134 2936 ferasque.

220 2965 282 3031 Sed
301 2982 472 3054 postquam
489 2986 618 3054 gressus
634 2978 745 3052 optato
761 2961 830 3026 fixit
848 2963 882 3025 in
897 2978 1008 3039 antro,
1219 2986 1242 3036 ,ε

221 3081 358 3146 Protulit
374 3079 508 3146 ecalido
522 3079 673 3144 mellitam
688 3095 820 3167 pectore
832 3098 956 3142 vocem.

264 3195 423 3284 uOrpheu
440 3194 596 3281 Calliopes
614 3194 744 3282 OEagro
758 3209 833 3256 nate
851 3208 1000 3281 parente,

221 3313 327 3397 Atque
344 3311 378 3372 in
397 3308 540 3373 Bistonia
557 3309 716 3373 Ciconum
734 3330 790 3372 rex
807 3309 947 3397 optime,
963 3308 1067 3372 salve:

220 3426 271 3488 Tu
286 3445 428 3526 namque
441 3422 611 3487 AEmonias
624 3423 773 3511 princeps
786 3421 842 3486 dus
856 3421 928 3502 jura
939 3445 999 3511 per
1011 3423 1127 3511 Alpes,

221 3540 476 3627 Strimoniasque
489 3537 609 3621 undas,
622 3537 863 3626 Rhodopesque
877 3540 1044 3602 cacumina
1058 3561 1195 3603 summa.
1220 3562 1245 3598 so

222 3658 296 3744 Ipse
309 3678 369 3744 ego
386 3677 458 3719 sum
473 3653 599 3742 Minyes
614 3653 711 3744 regali
724 3654 882 3742 sanguine
894 3669 1000 3717 cretus
1101 3698 1103 3704 ι

222 3771 393 3835 Thessalus
408 3767 598 3852 AEsonides,
618 3769 737 3858 hospes
754 3768 814 3832 tibi
829 3785 937 3832 certus
953 3767 1134 3834 habendus.

223 3887 266 3950 At
289 3901 344 3966 tu,
361 3906 486 3973 quaeso,
500 3883 571 3948 fave
586 3884 718 3973 coeptis,
737 3898 770 3948 et
782 3884 913 3973 percipe
930 3900 1037 3972 gratu,

223 4001 306 4085 Quae
326 4000 453 4088 loquar,
470 3997 602 4079 auditu,
616 4020 677 4062 nec
693 3997 897 4062 inexorabilis
917 4013 996 4062 esto.

268 4114 408 4178 «Euxini
432 4115 595 4203 Pontique
610 4115 720 4194 sinus,
734 4128 767 4176 et
788 4111 925 4177 Phasida
943 4127 1052 4176 tutum
1223 4137 1245 4174 ss

222 4229 270 4293 Te
282 4245 409 4317 petere,
429 4245 462 4294 et
477 4244 657 4294 monstrure
676 4228 771 4292 maris
791 4250 858 4315 quo
873 4227 1000 4314 naviget
1016 4228 1101 4315 Argo
