3220 5128
389 459 454 538 418
566 453 1282 522 estsuouussuconsunsnuu.

387 583 467 648 dieis
492 582 649 670 separavit
673 582 707 646 in
729 580 822 646 dues.
840 579 967 646 Solium
979 551 1229 662 V11‚412,ubl
1246 597 1296 646 est
1312 581 1449 664 solatus,

388 711 450 754 nee
471 687 563 752 aliter
584 688 691 751 versui
714 700 877 751 constaret
897 682 1027 750 modus.
1049 686 1130 752 Stat.
1148 687 1183 768 1,
1212 693 1291 775 174,
1315 688 1373 752 ubi
1391 704 1451 754 sat.

388 795 489 860 Statio
502 794 550 876 ll,
565 791 722 874 5663111‚
740 791 823 874 361,
838 789 954 856 ultimo
966 791 1039 856 loeo
1053 791 1226 874 reete,sed
1240 791 1297 881 qui
1311 795 1453 882 potnerit

388 900 423 964 in
441 895 593 964 eumdem
617 899 777 980 conjieere
799 897 914 979 statui,
939 913 977 961 ut
1002 897 1072 984 ipse
1094 895 1197 962 edidit
1219 899 1330 986 peiore
1358 901 1451 978 loeo,

389 1006 507 1070 neseio.
532 1005 646 1068 Tactus
665 1006 717 1076 11,
735 1003 815 1086 526,
832 1003 888 1068 ubi
908 1005 1020 1068 tacitus
1029 1002 1155 1092 pudor;
1172 1019 1206 1067 et
1224 1004 1341 1068 iterum
1353 1007 1453 1070 Tectis

388 1113 428 1194 V,
447 1111 529 1192 334,
550 1111 607 1176 ubi
626 1113 740 1176 tacitis.
764 1111 871 1176 Tectos
884 1110 933 1192 11,
953 1113 1033 1198 409,
1050 1131 1111 1198 pro
1122 1123 1235 1176 textus.
1250 1111 1379 1177 Tectum
1396 1137 1452 1178 ex·
1586 1117 1587 1162 l

388 1218 477 1282 bibet
493 1217 642 1307 plurimis
661 1217 758 1300 locis,
783 1217 817 1281 in
840 1216 962 1305 quibus
979 1227 1082 1282 tecum
1103 1216 1238 1307 legitur,
1268 1233 1301 1282 et
1323 1219 1402 1283 inde
1417 1221 1450 1282 in

391 1325 506 1390 recen
527 1322 640 1388 eudem
665 1323 799 1410 repetit,
820 1343 923 1410 quum
953 1321 986 1384 in
1009 1321 1173 1411 prioribus
1194 1335 1308 1387 tectum
1331 1325 1452 1414 legerit.
1586 1413 1587 1418 γ

392 1429 499 1493 Turba
521 1427 630 1492 multis
647 1427 744 1508 locis,
768 1425 826 1492 sed
845 1427 931 1492 inter
948 1447 985 1490 ea
1003 1427 1067 1504 111,
1092 1425 1157 1514 349
1172 1427 1291 1518 legitur
1308 1430 1402 1511 tuba,
1419 1447 1452 1493 et

387 1557 484 1600 sensu
500 1551 533 1600 et
551 1549 655 1598 metro
672 1534 716 1596 ita
730 1547 893 1622 poscente.
911 1529 1056 1597 llubaut
1068 1531 1198 1598 duobus
1214 1533 1312 1617 locis,
1325 1535 1383 1600 sed
1396 1533 1452 1614 lV,

389 1641 453 1708 510
472 1657 520 1706 est
533 1641 675 1718 turbine,
699 1639 731 1704 in
756 1660 820 1726 qua
839 1659 921 1702 voce
940 1637 993 1702 ille
1014 1639 1106 1702 loeus
1130 1639 1281 1704 omissus.
1296 1641 1450 1724 Tumkv,

388 1747 468 1829 683,
478 1745 535 1811 ιώὶ
549 1747 646 1810 turb.
665 1743 728 1810 Sed
743 1743 930 1808 desinemus
943 1741 1075 1808 tedium
1092 1743 1143 1808 his
1158 1745 1324 1812 erroribus
1338 1745 1451 1812 lectori

387 1875 511 1933 creare,
522 1851 578 1939 qui
597 1867 705 1914 tamen
721 1849 816 1938 pauci
834 1869 874 1912 ex
891 1849 1052 1912 immenso
1064 1871 1180 1914 aeervo
1191 1849 1323 1927 delecti,
1340 1868 1452 1917 osten·

389 1958 473 2024 dunt
485 1957 661 2040 Ahalam,
676 1957 702 2020 si
717 1956 787 2046 ipse
804 1955 944 2020 indicem
958 1957 1152 2040 coniecerit,
1175 1979 1242 2022 non
1258 1959 1451 2025 intellexisse

387 2081 516 2154 poetam
534 2086 643 2130 suum.
657 2061 773 2150 Neque
788 2061 886 2127 credo
902 2061 1006 2126 ullum
1023 2079 1147 2128 exstare
1162 2063 1270 2128 adhuc
1285 2064 1385 2130 hodie
1400 2067 1452 2131 in·

388 2170 510 2252 dicem,
525 2169 581 2257 qui
598 2169 691 2256 plum
708 2165 909 2255 negligentia
927 2183 960 2230 et
983 2167 1172 2257 ignomntiae
1190 2167 1386 2235 dnmtmenta
1402 2193 1452 2236 ex·

388 2277 530 2357 biberet,
544 2276 605 2338 nisi
618 2274 774 2356 alterum,
798 2293 895 2362 quem
911 2272 1042 2361 quidam
1063 2275 1227 2340 Musitaire
1242 2277 1275 2340 in
1296 2277 1448 2344 Ovidium

388 2383 479 2464 iecit,
492 2380 570 2445 huic
586 2379 753 2469 geminum
767 2375 942 2467 adjungere
954 2379 1066 2456 velles,
1080 2403 1176 2468 quem
1192 2379 1282 2446 brevi
1299 2384 1449 2448 ostende·

389 2511 478 2568 mus,
501 2485 627 2550 Alardo
649 2505 778 2548 summo
797 2485 871 2564 jure
896 2506 991 2572 posse
1010 2485 1134 2550 sotiani.
1160 2487 1237 2552 llaec
1258 2511 1353 2553 ceusu
1374 2491 1449 2554 satis

387 2595 490 2684 gravis
510 2615 562 2657 me
580 2589 728 2679 impulit,
751 2603 787 2653 ut
806 2611 953 2654 curarem
972 2591 1070 2654 ulium
1093 2591 1227 2674 confici,
1240 2595 1298 2682 qui
1316 2595 1447 2682 quidem

387 2699 513 2766 mendis
523 2721 589 2762 non
599 2695 899 2781 carebit'(hoeenim
908 2695 1153 2785 neiessperure),
1164 2696 1220 2762 sed
1230 2723 1248 2764 e
1260 2715 1324 2764 tam
1336 2703 1447 2766 crassis

386 2807 550 2871 erunibus
565 2804 729 2878 immunis,
744 2818 782 2866 ut
797 2823 903 2890 spero,
921 2803 1057 2868 lectores
1076 2827 1141 2869 non
1161 2807 1316 2896 fatigabit.
1333 2809 1447 2872 Unum

387 2913 499 2976 vellem
525 2908 658 2998 quidem
681 2907 861 2972 accuratius
885 2907 1242 2996 ubique-observatum
1270 2912 1384 2994 inisse,
1408 2929 1448 2976 ut

365 3017 444 3084 nbi
467 3037 530 3079 vox
553 3013 738 3078 eurumdem
761 3013 941 3094 literarum,
956 3013 1012 3078 sed
1035 3037 1108 3102 quae
1128 3014 1245 3081 divensi
1264 3018 1312 3081 vel
1336 3039 1446 3098 cesus,

387 3121 531 3201 numeri,
549 3139 696 3207 persone
707 3119 757 3182 vel
773 3119 928 3205 temporis
946 3135 1045 3200 esset,
1061 3123 1216 3204 occurrit,
1234 3145 1360 3211 semper
1371 3141 1448 3190 unte

387 3229 444 3292 alin
463 3226 559 3290 verbe
579 3239 663 3288 esset
681 3225 835 3310 repetita,
856 3223 946 3311 quod
974 3225 1147 3314 aliquando
1170 3229 1353 3318 neglectum
1379 3251 1447 3294 esse

386 3354 474 3399 nnnc
484 3332 590 3396 video.
603 3329 747 3417 Exempli
760 3331 859 3418 gistis
870 3329 996 3412 Cumas,
1011 3355 1113 3419 quum
1131 3333 1217 3398 sitin
1233 3335 1296 3400 hoc
1313 3339 1446 3402 nomine

387 3457 420 3503 et
437 3438 612 3518 similibus,
637 3436 805 3524 singularis
822 3451 854 3500 et
869 3435 1000 3524 pluralis
1017 3439 1163 3520 numeri,
1187 3441 1321 3528 genitivi
1336 3444 1445 3533 singu·

385 3547 479 3626 lunis,
502 3560 534 3608 et
548 3557 685 3607 accusat.
699 3539 846 3630 pluralis,
869 3540 980 3606 endem
994 3544 1192 3626 enuntiatio,
1203 3545 1369 3612 debuisset
1384 3547 1447 3612 dis·

386 3651 502 3741 tingui,
515 3651 573 3714 ubi
585 3649 666 3712 alius
682 3663 730 3712 est
742 3669 846 3728 casus,
857 3648 944 3712 etita
958 3649 992 3712 in
1007 3652 1138 3715 ceteris.
1160 3649 1223 3716 Sed
1235 3652 1304 3716 baee
1317 3655 1444 3735 leviora,

385 3783 444 3824 nec
460 3759 614 3822 lectorem
625 3753 867 3835 morabuntur,
879 3755 935 3842 qui
950 3755 977 3820 si
992 3756 1070 3820 alios
1089 3779 1195 3822 naevos
1213 3757 1444 3848 deprehendat,

383 3865 573 3944 humanitus
589 3883 644 3926 eos
660 3862 849 3924 commissos
866 3881 935 3924 esse
949 3861 1077 3943 credat,
1102 3879 1134 3926 et
1150 3863 1301 3928 emendet
1320 3867 1398 3954 ipse.

690 4089 1130 4127 w
