3192 5138
372 569 435 650 234
534 573 617 638 PIO
644 573 903 658 AUCTORE,
926 571 1284 640 SUPPLEMEN'I'A

415 704 602 794 Aspiciens,
630 727 734 796 genus
750 707 920 796 agnoscit,
938 706 1106 794 diramque
1131 704 1258 794 tyranni

415 819 616 886 Barbariem:
637 821 740 888 AEetae
757 821 857 906 scires
877 820 919 888 de
938 822 1095 912 sanguine
1116 835 1235 884 natam.

459 935 535 1017 Ille,
553 937 734 1025 procuratis
753 937 861 1002 somni
880 937 1076 1017 terroribus,
1097 933 1181 1000 aedes

413 1049 625 1140 adproprias
641 1050 762 1135 flectit,
777 1055 873 1118 vultu
892 1051 1055 1134 blandita,
1075 1073 1241 1138 manuque

415 1165 548 1248 Innuit,
570 1165 753 1232 accelerent
771 1189 901 1256 passus,
917 1181 1016 1254 atque
1032 1165 1112 1230 atria
1127 1163 1242 1228 visent

414 1279 520 1344 Sentit
537 1281 642 1346 inesse
661 1279 770 1364 dolos,
782 1282 945 1370 jussitque
961 1281 1110 1346 resistere
1130 1279 1251 1367 pubem

414 1393 599 1478 AEsonides,
616 1395 702 1460 socia
716 1411 826 1460 tamma
843 1396 943 1462 intrat
961 1392 1120 1461 Colchide
1140 1393 1246 1458 Circes

414 1510 558 1593 Limina,
576 1511 633 1576 ubi
651 1528 766 1576 aurato
779 1511 859 1592 jussi
875 1509 989 1576 sedere
1007 1509 1134 1592 curuli,

414 1625 569 1714 Elingues
592 1625 662 1691 sine
676 1647 756 1690 voce
773 1627 890 1709 ambo,
910 1623 1098 1690 crudelibus
1118 1625 1202 1688 alma

413 1741 541 1808 lustitia
556 1741 719 1832 exagitans
733 1742 873 1807 stimulis
889 1739 1068 1833 precordia
1086 1739 1213 1830 pulsat;

415 1853 593 1922 Praesertim
613 1875 711 1949 caput
725 1859 886 1926 ambobus
900 1881 1004 1948 quum
1021 1860 1168 1946 tan'geret
1182 1855 1244 1920 illa.

413 1972 487 2060 Ipse
504 1989 614 2038 autem
630 1990 723 2038 terrae
738 1974 877 2066 infigens
891 1972 958 2039 dux
974 1972 1148 2036 'Phossalus
1166 1991 1296 2051 ensem,

415 2087 491 2170 Quo
506 2087 660 2168 juvenem
677 2089 844 2152 incautum
860 2087 1004 2174 excepit,
1023 2103 1141 2150 terram
1157 2084 1289 2173 aspicit,
1303 2099 1387 2147 astra
1408 2111 1431 2138 n

412 2202 583 2291 Suspicere
599 2200 690 2266 haud
704 2203 814 2291 potuit
829 2202 971 2267 demisso
987 2202 1022 2265 in
1039 2201 1170 2266 Tartara
1186 2201 1291 2265 vultu.

412 2318 567 2380 Actutum
587 2317 680 2400 Circe
696 2333 853 2406 patratam
874 2331 1005 2405 pectore
1027 2315 1148 2380 (aedem

413 2433 560 2522 Praesago
578 2432 698 2514 volvit,
716 2433 862 2520 quamvis
879 2433 958 2497 irata
974 2429 1116 2496 nefando

412 2546 578 2636 Sanguine
594 2548 775 2636 conspersis
791 2547 957 2635 primum3
976 2570 1053 2610 mox
1071 2546 1216 2637 supplice
1233 2545 1346 2610 dextra

410 2661 560 2726 Carmina
577 2662 724 2728 turbatos
742 2661 852 2727 fundit
867 2662 1025 2751 placantia
1044 2683 1172 2744 manes,
1402 2681 1441 2718 2³0
1503 2653 1512 2666 ’

411 2777 452 2840 Et
468 2792 579 2841 sontes
597 2799 615 2840 a
636 2774 723 2841 caede
744 2791 859 2850 novat,
881 2775 1075 2864 culpamque
1091 2775 1276 2856 remittens,

410 2892 570 2957 Sollicitos
587 2891 703 2956 crebro
717 2890 904 2955 lustralibus
923 2889 1026 2954 abluit
1044 2887 1151 2954 undis.

410 3008 558 3095 Desuper
576 3003 752 3070 extendens
773 3027 911 3093 porcum
930 3003 988 3068 dea
1006 3003 1139 3092 provida
1159 3027 1284 3068 sacrum

410 3123 496 3185 Ense
514 3121 589 3185 lerit
610 3143 719 3201 sacro,
745 3137 900 3208 retroque
916 3120 1036 3210 pientia
1058 3119 1156 3183 verba

409 3237 594 3300 Murmurat
611 3235 796 3324 hospitibus
809 3235 895 3300 lovis
910 3235 1086 3301 avertentia
1102 3233 1243 3315 eaedem3
1401 3255 1437 3291 2³⁵

374 3407 379 3412 .
407 3351 542 3413 lnvocat
559 3364 658 3436 atque
676 3348 762 3413 mola
778 3350 881 3437 placat
898 3349 950 3437 pia
970 3349 1107 3413 numina
1124 3349 1206 3414 lusa.

410 3463 500 3546 Quin
523 3463 620 3526 etiam
643 3462 770 3526 famula·
787 3477 871 3527 totas
888 3480 1032 3527 ramenta
1057 3487 1115 3552 per
1131 3462 1214 3527 ades

408 3582 503 3644 Lecta
522 3578 633 3642 lerunt
648 3601 656 3643 ε
673 3579 740 3642 urit
758 3578 884 3668 Stygios
905 3580 1065 3668 placantia
1086 3601 1196 3642 manes

407 3696 501 3777 Liba,
524 3696 685 3786 vaporatis
702 3696 873 3760 lustrantia
891 3697 991 3760 funus
1014 3695 1048 3758 in
1071 3695 1154 3775 aris,

406 3812 517 3876 Tristis
537 3829 575 3876 ut
591 3811 727 3876 immani
743 3829 881 3876 cessaret
893 3812 1035 3900 Erinnys
1051 3809 1091 3874 ab
1108 3811 1171 3891 ira,

404 3929 532 3993 Alloret
548 3941 581 3991 et
598 3926 745 4015 placidus
761 3925 867 3990 libatis
883 3926 1031 4015 luppiter
1047 3926 1150 4007 extis,

404 4045 476 4110 Sive
493 4044 665 4134 peregrino
683 4043 797 4131 polluti
813 4043 970 4130 sanguine
986 4042 1114 4106 dextras

406 4159 462 4222 Vir
480 4161 662 4247 mulierque
681 4160 804 4239 forent,
821 4173 997 4247 cognatave
1014 4157 1109 4222 turba
1126 4175 1317 4222 nocentum.

405 4274 482 4338 Mox
497 4273 590 4352 jubet
608 4272 768 4338 assideant
784 4271 910 4361 sponda
926 4271 992 4336 (lux
1008 4273 1181 4338 Thessalus
1199 4297 1294 4338 aurea
