3150 5126
381 551 444 638 29⁸
817 554 1010 620 crerier

423 683 450 747 Ε
466 681 580 746 mediis
596 699 722 764 manat,
749 685 873 748 fontem
895 701 989 750 vocnt
1006 685 1111 750 incola
1129 687 1264 750 Clenen.

465 797 559 860 'hmo
574 819 652 886 ergo
669 797 766 862 oracli
785 821 962 882 memores,
980 816 1116 864 tenuere
1132 823 1288 866 cacumen
1405 819 1440 872 sss

421 911 577 976 Divinum
594 907 695 974 auditi
715 933 821 1000 reges,
838 928 871 977 et
880 911 1075 1002 Dindymon
1092 915 1214 996 altum,

421 1027 465 1090 Ut
485 1025 669 1090 venerande
684 1027 782 1091 sacris
797 1049 929 1092 annosae
945 1028 1088 1118 denique
1104 1029 1232 1119 placent

418 1141 524 1206 Corda
542 1142 657 1224 Rheae,
673 1159 846 1230 sumatque
864 1144 985 1208 animos
1000 1145 1111 1235 regina
1127 1147 1277 1210 colentes.

417 1257 489 1345 lpse
503 1273 611 1322 autem
629 1257 750 1323 cithnm
767 1279 894 1348 semper
911 1259 1087 1326 comitante
1100 1261 1269 1350 sequebar.
1550 1333 1551 1352 q

417 1371 575 1436 Proevenit
591 1371 644 1436 bic
661 1371 756 1436 etiam
772 1395 833 1437 nos
849 1373 968 1463 Argum,
988 1397 1098 1464 puppe
1116 1377 1241 1459 relicta,
1404 1395 1443 1434 σοι
1550 1408 1551 1418 ¹

418 1485 483 1567 Qui
500 1487 573 1575 pius
590 1486 723 1575 obliqua
741 1487 900 1552 intortum
916 1511 993 1554 cum
1010 1490 1130 1555 cortice
1145 1515 1271 1557 remum

414 1603 442 1666 E
460 1601 545 1665 ferro
557 1617 702 1666 urentem
718 1601 816 1667 vitem
833 1601 977 1691 precidit
989 1619 1103 1686 scuto,

413 1713 627 1803 Effigiemque
643 1737 766 1780 sscmm
781 1715 872 1780 seclis
890 1717 1089 1782 monimenta
1106 1717 1253 1784 deturam

412 1829 571 1894 Omnibus
590 1829 717 1918 egregia
734 1827 819 1912 fixit,
837 1831 988 1895 formavit
1005 1847 1038 1895 et
1055 1847 1141 1914 arte,

413 1943 608 2032 Reginreque
626 1967 714 2008 nram
732 1945 860 2034 sculpto
879 1943 921 2008 de
936 1967 1099 2010 marmore
1112 1947 1239 2012 sumit.
1319 2009 1322 2018 ‚

410 2057 472 2122 Hic
490 2057 587 2147 igitur
603 2059 735 2147 properi
748 2059 884 2147 Minyae‚
906 2081 1039 2148 praeque
1054 2061 1206 2127 omnibus
1225 2085 1310 2127 unus

410 2172 601 2254 AEsonides,
619 2173 714 2237 sectis
729 2189 858 2262 ponunt
873 2173 971 2238 altare
986 2175 1112 2263 lnpillis.

409 2288 480 2352 Hoc
493 2311 592 2378 super
608 2303 642 2352 et
657 2305 767 2352 tauros
783 2286 902 2372 libent,
919 2305 952 2353 et
968 2289 1097 2354 victima
1113 2313 1251 2380 quoque

410 2402 507 2466 Grata
527 2403 607 2484 fuir,
631 2423 845 2490 proceresque
856 2401 971 2482 juvant
986 2402 1138 2466 libamine
1154 2404 1237 2470 diva.

407 2516 475 2580 Nos
490 2515 613 2598 cultus,
633 2515 810 2604 laudesque
825 2515 894 2580 deae
909 2515 1071 2581 celebrare
1082 2517 1251 2599 jubemur,

406 2631 612 2719 Supplicibus
632 2629 773 2695 reditum
791 2653 859 2718 quo
874 2631 921 2694 sic
938 2631 1059 2719 placata
1078 2633 1246 2698 ministret.

453 2747 537 2836 Ergo
555 2746 612 2810 ubi
629 2731 791 2811 desierant
806 2744 957 2808 libamina
974 2767 1062 2810 saera
1083 2769 1289 2836 precesque,-

407 2863 543 2949 Argosm
557 2859 597 2925 ad
616 2884 730 2926 novem
748 2859 998 2942 descendimus;
1016 2860 1093 2926 binc
1109 2885 1244 2951 quoque
1256 2865 1379 2953 'lipbys

405 2976 526 3038 Heroas
542 2975 583 3039 de
599 2997 709 3064 puppe
722 2990 837 3039 vocet:
856 2991 927 3038 tnm
946 2976 1094 3062 protinus
1114 2999 1229 3043 omnes

405 3089 582 3171 Inruimus,
599 3112 667 3176 quo
684 3091 823 3178 quisque
837 3091 926 3176 prius
942 3112 1002 3178 per
1015 3107 1152 3155 transtra
1169 3093 1288 3158 resedit
1392 3111 1431 3150 ⁶1⁵

403 3203 544 3284 Ordine3
567 3221 646 3268 tunc
663 3205 759 3268 etism
773 3225 937 3267 remorum
953 3226 1031 3268 eure
1047 3205 1186 3271 subibat.

402 3319 525 3406 Sponte
541 3341 599 3382 sua
615 3319 710 3382 funes
726 3335 809 3382 terra
828 3339 947 3382 venere
961 3319 1077 3402 soluti,

403 3432 546 3519 Veleque
562 3421 763 3496 tenduntur:
787 3433 881 3496 nobis
899 3432 989 3496 Rhea
1010 3433 1175 3522 Dindymo
1190 3437 1232 3500 sb
1250 3439 1320 3525 ipso

402 3545 629 3636 Magnipotens
645 3545 732 3610 misit
750 3562 864 3610 ventos
883 3546 924 3609 de
939 3569 1050 3634 puppe
1068 3549 1238 3614 secundos.

401 3662 469 3726 Nos
485 3678 594 3726 autem
608 3683 738 3724 rursum
755 3659 928 3749 spectanda
947 3661 1122 3748 nepotibus
1138 3665 1214 3728 olim
1389 3685 1427 3722 sn

400 3777 494 3839 Sacra
511 3791 664 3840 ooronata
680 3773 722 3838 dc
738 3774 811 3838 navi
826 3773 985 3837 mittimus
1001 3797 1073 3856 are3

402 3881 634 3970 impliciteque
649 3883 756 3968 Argus
771 3879 845 3944 duri
862 3901 987 3943 cessere
1001 3879 1167 3948 rudentes.

400 4001 443 4058 At
458 4013 631 4084 postquem
649 3995 737 4058 navis
755 3995 962 4081 complerunt
980 3995 1110 4060 carbasa
1124 4001 1227 4082 venti,

400 4109 576 4174 subsiliens
592 4110 688 4174 salsas
706 4109 796 4196 ponti
816 4111 1017 4195 prsetervolat
1035 4111 1155 4194 undas,

401 4225 442 4287 Et
458 4247 559 4312 prope
575 4225 743 4310 Mysorum
760 4240 851 4288 terrm
870 4223 1009 4289 conliniet
1029 4229 1158 4308 transit,
