3102 5128
341 461 733 527 ARGONAUTIGON
764 457 977 528 mnvlll.
1085 463 1089 476 '
1131 467 1188 554 ¹73

172 595 254 658 Tum
274 615 409 682 quoque
424 593 544 658 siderea
563 594 667 658 clarus
683 593 798 683 procul
815 616 872 656 ora
886 594 1028 673 juventa.

172 709 283 790 Qualis
303 708 411 773 adhuc
427 711 542 798 sparsis
562 709 719 773 comitum
738 731 797 797 per
814 709 915 772 lustra
931 711 1062 774 catervis

172 824 316 888 lutmius
334 825 440 888 estiva
455 823 574 890 residet
590 839 724 888 venator
741 823 775 886 in
797 822 930 904 umbra,

173 939 299 1028 Dignus
317 961 427 1003 amore
443 937 528 1022 deae3
543 939 654 1003 ¹relatis
677 937 830 1002 cornibus
854 952 886 1001 et
901 937 967 1017 jam

173 1053 262 1116 Luna
277 1054 386 1118 venit:
401 1075 496 1118 roseo
513 1052 583 1116 talis
598 1074 656 1141 per
673 1051 783 1114 nubila
799 1048 916 1114 ductor
1169 1075 1196 1115 ιο

174 1166 291 1255 Implet
306 1166 432 1230 honore
448 1188 579 1248 nemus,
601 1167 764 1253 talemque
779 1181 941 1252 exspectat
956 1184 1126 1234 amantem.

175 1279 256 1343 Ecce
274 1295 384 1344 autern
402 1279 523 1368 pevidae
538 1279 629 1369 virgo
646 1278 687 1343 de
701 1299 793 1343 more
809 1277 983 1361 columbe,

176 1393 256 1474 Quae
278 1416 376 1483 super
395 1394 519 1484 ingenti
537 1392 734 1470 circumdata
756 1394 902 1482 praepetis
921 1395 1037 1460 umbra

175 1506 211 1568 Iu
231 1529 473 1595 quemcumque
487 1523 628 1571 tremens
642 1506 809 1570 hominem
822 1506 923 1594 cadit:
942 1507 1029 1574 haud
1041 1533 1132 1576 secus
1142 1513 1194 1577 illa

176 1621 241 1684 Icta
256 1622 375 1685 timore
397 1623 484 1710 gravi
502 1620 641 1685 mediam
657 1643 691 1685 se
707 1621 858 1704 immisit3
881 1637 913 1685 at
931 1621 984 1686 ille
1171 1644 1196 1682 ss

178 1735 331 1824 Excepit,
349 1734 534 1822 blandoque
551 1734 640 1821 prior
655 1733 701 1797 sic
718 1757 776 1797 ore
789 1735 968 1822 loquutus:

219 1879 231 1904 α
247 1850 281 1912 Ο
297 1847 395 1912 decus
413 1849 447 1911 in
463 1863 592 1912 nostros
607 1870 762 1937 magnum
780 1863 915 1912 ventura
933 1865 1078 1938 penates,

178 1962 317 2050 Solaque
342 1978 502 2028 tantarum
517 1963 608 2053 virgo
623 1960 711 2026 haud
727 1959 858 2051 indigna
876 1963 1000 2028 viarum

171 2175 209 2224 30.
223 2178 284 2225 rati.
302 2179 402 2240 lingent.
424 2203 454 2214 -
474 2178 513 2226 35.
534 2181 602 2225 Assa.
621 2179 696 2226 Vstic.
715 2179 804 2224 Bonon
821 2178 890 2225 codd.
904 2187 927 2225 ct
942 2177 997 2226 edd.
1011 2189 1065 2226 ente
1084 2180 1149 2226 Gerr.
1168 2184 1198 2227 Se

144 2256 202 2300 misit
211 2257 289 2304 Vstie.
300 2259 390 2304 eonon.
401 2257 471 2304 codd.
482 2265 506 2304 et
516 2256 571 2305 edd
582 2265 636 2304 suts
647 2258 725 2303 Burni.
738 2258 781 2302 Eu.

176 2483 215 2534 ²7·
233 2467 316 2520 Poeta
333 2468 457 2520 Jasouem
474 2485 535 2520 cum
553 2464 646 2538 Eudy·
690 2481 763 2535 seque
775 2463 914 2535 pulchrum
928 2482 959 2517 sc
969 2465 1095 2532 Dianam
1108 2487 1197 2536 exspe-

147 2543 238 2613 mione,
252 2545 277 2598 is
289 2546 360 2600 euim
373 2559 413 2598 est
424 2548 529 2597 henim
543 2559 650 2596 venator
690 2556 743 2594 ctat
755 2557 879 2593 amantem
890 2541 1008 2594 Medeam
1021 2544 1111 2598 Jesou.

147 2623 264 2678 auimo
275 2625 358 2680 carie
375 2635 464 2677 monte
478 2623 647 2686 dictus,Me·
728 2621 769 2674 32.
794 2622 835 2673 En
858 2640 928 2674 nova
954 2625 1134 2693 comparatio!
1161 2633 1199 2678 De

147 2697 213 2756 deam
229 2723 293 2758 curn
309 2711 393 2765 hmo,
414 2704 514 2766 Diana,
532 2702 649 2768 confert,
691 2719 758 2750 more
775 2703 891 2752 columba·
900 2703 1009 2768 pavide,
1023 2702 1137 2756 solennis
1148 2723 1200 2758 vox

147 2783 330 2856 que,pudoris
339 2782 451 2854 virginei
460 2783 506 2834 diu
514 2780 648 2835 tenacissi-
691 2779 725 2832 de
738 2779 902 2833 animalculis
914 2781 983 2846 istis,
994 2798 1054 2852 que
1067 2803 1145 2851 super,
1156 2803 1200 2837 su·

148 2875 183 2911 me
193 2898 200 2923 ,
211 2861 319 2915 tandem
337 2860 492 2915 donuientis
504 2855 649 2934 Endymio·
692 2877 741 2930 pra
750 2877 777 2911 se
785 2899 792 2927 ,
800 2863 916 2928 proepetis
923 2898 931 2922 ,
944 2858 978 2912 de
988 2861 1137 2934 quibusque
1148 2864 1201 2916 avi·

149 2937 182 2988 nis
188 2953 326 2995 venustate
334 2942 497 3012 ebrepts,ne
504 2940 571 2994 intra
578 2959 650 2993 oscu-
692 2937 741 2990 bru
758 2938 906 2992 carnivoris
921 2938 1026 3005 dicitur,
1039 2943 1134 3010 ingenti
1145 2963 1197 2995 rem·

149 3013 195 3071 lum
214 3019 322 3092 quidem
343 3019 472 3087 constitit,
486 3021 509 3074 si
527 3018 592 3072 lides
604 3020 650 3074 hs·
693 3019 1201 3090 bra,sugetpoetumegnitudinemavis‚

150 3093 227 3154 bend:
242 3099 396 3172 Propertio,
408 3099 445 3166 ΙΙ,
457 3106 500 3163 14,
514 3103 562 3162 r6;
577 3098 649 3152 conf.
693 3099 857 3158 circumdans,
872 3098 1014 3162 conclusa,
1027 3098 1161 3167 involuta,
1174 3106 1199 3154 iss

149 3179 301 3252 asponon.
312 3179 361 3245 IV,
371 3177 413 3233 55.
694 3195 881 3244 quemcumque,
892 3189 922 3230 ut
939 3177 1054 3249 primum
1071 3180 1099 3233 in
1112 3182 1201 3235 oculos

180 3261 218 3312 28.
231 3261 339 3319 Resides,
353 3257 480 3328 quiescit,
493 3274 586 3310 somno
594 3274 650 3309 cor-
693 3253 781 3321 cadit,
793 3270 911 3317 tremens,
926 3257 1002 3309 unxia
1013 3294 1021 3320 ,
1031 3262 1150 3312 hominen
1160 3282 1201 3312 ca-

150 3347 244 3405 septus
694 3335 742 3394 dit,
754 3334 826 3404 quod
836 3333 943 3406 gravius
956 3347 982 3387 et
995 3335 1201 3408 significantius,

181 3416 650 3482 29.701asiscomitustuna·venis,
695 3428 776 3482 quarn
789 3413 872 3465 volut.
1106 3431 1108 3435 ·

150 3493 285 3566 splendore
304 3513 371 3558 suo,
389 3513 424 3547 ne
443 3490 651 3565 deprehendere·
732 3492 774 3555 34.
788 3490 867 3544 Haud
880 3511 956 3546 secus
966 3493 1060 3549 ldedes
1073 3499 1134 3559 icta,
1144 3517 1203 3568 per·

150 3583 196 3640 tur,
214 3573 364 3626 imminuto.
387 3572 510 3644 Apollou.
534 3571 583 3636 lV,
600 3573 650 3623 60:
696 3574 880 3636 cusss,simore
891 3577 965 3640 gravi
977 3577 1082 3626 mediam
1096 3583 1203 3628 sessim-

151 3657 231 3712 mres
246 3655 368 3708 ὃνὶνυκτῖ.
382 3649 551 3714 Dedelestu,
564 3643 662 3721 eclipsi¹
696 3650 772 3709 mitit,
794 3659 850 3701 ¹0¹⁰
873 3669 984 3723 corpore
1008 3655 1035 3706 iu
1066 3655 1204 3727 amplexus

150 3728 227 3784 Luna
239 3731 323 3802 possis
333 3730 491 3802 intelligere,
502 3729 523 3782 si
537 3728 653 3800 sequaris
697 3731 753 3803 ejus
762 3727 824 3780 ruit.

150 3807 294 3874 Catullum,
308 3809 406 3875 LXVI,
424 3808 451 3872 5,
468 3807 516 3862 ubi
534 3805 588 3860 vid.
602 3806 652 3860 cel.
734 3809 776 3877 37.
798 3806 878 3858 lason
898 3807 935 3859 itu
959 3809 1074 3882 excipit:
1093 3817 1115 3863 0
1132 3816 1205 3866 decus

151 3885 269 3960 Doaing.
280 3889 486 3943 ethllseueer.
498 3887 586 3959 Epigr.
597 3885 656 3939 cal-
698 3905 813 3956 magnum
827 3887 852 3937 in
866 3900 961 3936 nosnos
971 3904 1074 3956 penates
1087 3905 1206 3954 venusta,

151 3963 253 4022 limechi
264 3969 426 4041 fragments,
438 3982 463 4040 p.
476 3969 519 4020 66.
698 3966 800 4037 insigne
818 3975 1001 4018 oruamentum
1022 3968 1092 4038 genti
1110 3983 1205 4024 nostre

183 4049 225 4101 so.
235 4053 314 4100 nosco
323 4051 428 4100 bosom:
438 4045 510 4099 suevi
518 4082 526 4108 ,
533 4043 656 4115 gratiosa,
699 4063 842 4099 accessura.

153 4121 257 4180 florente
269 4123 468 4200 pulchritudine
481 4122 573 4191 (conl.
588 4122 655 4175 infre
735 4125 779 4178 38.
792 4128 849 4176 Sola
862 4127 932 4176 haud
944 4123 1048 4191 indigna
1062 4146 1138 4177 causa
1149 4142 1206 4178 tan-

152 4219 173 4255 s.
189 4205 239 4277 237'
249 4209 278 4276 ),
296 4209 380 4273 imples
400 4223 496 4266 nemus,
518 4207 654 4272 talemque,
700 4217 778 4255 mmm
791 4206 889 4255 viansm
903 4217 996 4272 reperta
1007 4206 1072 4257 milri.
1083 4205 1126 4259 sic
1139 4207 1209 4259 ordi·
