3124 5132
362 493 405 569 64
661 489 697 553 C.
721 487 927 553 vanssurl
956 489 1133 554 FLACCl

409 621 590 687 Promisere
605 619 709 684 milri?
723 619 820 684 nobis
834 623 942 708 Argoa
957 621 1091 710 paralius

406 735 535 802 Scilicet
549 733 682 814 auxilia,
695 749 728 798 et
741 749 845 798 tantu
856 733 1055 824 conjungere
1065 735 1160 797 vires.

406 853 495 916 seva
511 847 644 938 quidem
660 848 741 912 lueis
760 849 884 912 miseris
900 871 1011 930 mora;
1030 847 1110 912 dent
1126 863 1255 928 tamen,
1271 865 1347 927 oro,

409 967 523 1030 Unum
541 965 634 1030 illurn
651 963 733 1028 mihi
748 963 813 1028 lata
830 961 938 1044 diem,
953 985 1022 1051 quo
1038 963 1124 1027 fallat
1140 963 1278 1026 Achivos

406 1082 460 1146 Sic
477 1081 625 1160 meritos,
642 1099 775 1168 quoque
792 1077 883 1142 hune
896 1076 1023 1142 videam
1039 1077 1158 1142 virtute
1174 1075 1351 1166 superbum
1398 1093 1437 1144 7³⁵

409 1193 611 1275 AEsoniden,
629 1208 736 1257 tantos
753 1191 884 1256 flentem
899 1191 971 1256 sine
984 1191 1112 1256 honore
1126 1189 1251 1256 labores
1261 1223 1283 1254 ι.

453 1309 584 1372 Dixerat
599 1307 687 1390 haec,
703 1323 883 1396 pectusque
900 1305 968 1370 suis
983 1305 1150 1370 everberat
1165 1305 1280 1384 armis,

410 1425 453 1490 Et
468 1423 591 1514 galeam
605 1420 703 1502 fletu,
720 1421 842 1510 galesin
860 1419 1057 1509 singultibus
1072 1421 1203 1510 implet;

411 1541 483 1606 lbat
498 1555 532 1603 et
547 1539 582 1602 in
598 1535 697 1602 medii
713 1557 855 1626 preceps
872 1533 1024 1601 incendia
1039 1535 1135 1617 belli,

412 1657 454 1720 Ni
469 1655 560 1744 prior
574 1653 715 1718 adversis
730 1651 833 1716 Pallas
846 1650 979 1715 vidisset
993 1651 1035 1714 ab
1050 1651 1168 1732 armis,

378 1857 385 1868 Ι
410 1771 453 1834 Et
464 1791 597 1834 secum:
613 1767 715 1830 «Ruit
729 1787 804 1830 ecoe
821 1765 913 1830 lerox
927 1765 962 1829 in
978 1765 1091 1830 lunera
1108 1766 1237 1846 Perses,

413 1887 523 1970 Quem
538 1883 667 1974 genitor
681 1881 811 1946 Colchis
827 1881 974 1970 solioque
990 1877 1148 1970 reponere
1164 1879 1269 1946 fratris

413 2004 482 2065 lam
499 1999 620 2062 statuit.
639 1997 759 2061 Nostra
773 2018 888 2059 vereor
903 2017 944 2058 ne
959 1993 1073 2059 fraude
1087 2011 1292 2084 peremptum

412 2116 580 2208 Increpet,
594 2129 627 2178 et
642 2113 770 2201 culpam
787 2111 872 2174 hane
887 2131 1006 2200 magno
1022 2125 1145 2174 terrore
1158 2110 1348 2198 rependat».

457 2227 534 2296 llree
549 2229 660 2295 dicens
675 2239 747 2293 atro
764 2227 916 2291 nebulam
933 2225 1089 2292 diffundit
1104 2227 1242 2308 amictu,
1399 2248 1439 2297 με

400 2463 454 2524 733.
472 2465 562 2511 uenis
577 2463 652 2510 modo.
667 2465 757 2510 Bonum
772 2461 827 2509 eod.
842 2465 934 2509 Bonum
949 2463 968 2509 Ι.
984 2459 1037 2508 lu
1051 2471 1086 2508 ert
1102 2465 1191 2510 misens
1209 2459 1284 2511 modo.
1299 2467 1389 2512 Bonon.
1405 2468 1440 2513 Π.

370 2571 401 2580 -
412 2545 464 2604 731..
479 2543 548 2590 Fellet
562 2541 693 2604 proseller.
702 2542 779 2588 Varie.
789 2541 846 2588 eorl.
859 2542 940 2588 Fallet.
954 2541 1215 2590 scemmenstete.
1229 2543 1283 2590 ssd.
1299 2545 1398 2596 Fallere,
1415 2557 1443 2592 et

369 2639 437 2670 versu
447 2639 497 2684 seq.
510 2623 607 2686 quisqu
621 2621 683 2668 uelit.
697 2623 786 2669 Bonna,
805 2623 816 2669 1
835 2633 858 2668 et
876 2623 908 2668 ll.
926 2625 990 2669 lunt.
1007 2623 1092 2669 Miser.
1111 2623 1210 2686 Eugent.
1227 2649 1259 2660 -
1275 2623 1327 2683 735.
1340 2625 1440 2671 rum·

367 2719 460 2768 quoqu
472 2701 538 2750 tusc.
551 2701 605 2750 stt.
618 2703 661 2748 En.

369 2917 418 2952 nas
436 2896 580 2960 daturum,
598 2897 757 2967 promiseras
777 2897 883 2950 Greco-
925 2909 1039 2970 quatuor
1051 2897 1194 2952 rusieulos
1205 2894 1245 2950 bis
1258 2895 1372 2970 positum
1383 2919 1440 2954 nou

368 2997 429 3030 rum
441 2977 577 3029 auxilium.
592 2977 704 3028 Scilicet!
925 2979 987 3030 satis
995 2978 1092 3049 placet.

404 3057 466 3126 733.
490 3057 559 3106 sava
584 3058 681 3122 quidem
705 3059 765 3108 lueis
788 3061 880 3110 mireris
960 3059 1023 3126 738.
1043 3061 1148 3108 Galeam
1158 3056 1223 3128 steen
1250 3071 1275 3108 et
1295 3059 1441 3126 suffulcitur

369 3155 438 3188 mora
446 3174 454 3196 ,
462 3132 589 3205 longioris
599 3133 656 3186 titre
664 3132 740 3186 tedet
748 3135 880 3200 infelices,
924 3141 1019 3206 inplet,
1028 3155 1117 3190 seeum
1127 3135 1200 3190 dolet
1208 3177 1217 3202 ‚
1224 3134 1342 3190 dolorem
1349 3148 1440 3192 tamen

368 3221 434 3268 huuc
446 3213 595 3280 sumersate
606 3216 670 3264 diem
683 3217 761 3275 dent,
776 3218 882 3286 queso!-
925 3216 999 3288 galea
1016 3217 1096 3288 tegit,
1108 3219 1199 3289 etjam
1211 3217 1240 3268 in
1251 3235 1283 3268 eo
1296 3227 1353 3284 est,
1368 3229 1397 3270 nt
1410 3218 1441 3272 ln

368 3299 407 3348 lae
418 3297 521 3346 Achivos
533 3297 568 3344 sie
580 3297 675 3344 merim
686 3290 777 3362 (deest
785 3313 882 3366 suppo·
925 3295 1027 3349 medios
1038 3296 1128 3348 hostes
1139 3315 1167 3349 se
1176 3295 1331 3368 praecipitet.

368 3375 468 3438 situm,
489 3371 562 3444 quod
588 3385 701 3436 vocant,
722 3391 818 3446 nempe
835 3393 881 3426 rer
962 3385 1021 3447 740.
1031 3379 1066 3427 Ni
1071 3379 1141 3444 prior
1149 3379 1259 3428 adversis
1268 3381 1351 3428 Pallas
1360 3379 1443 3428 vidis·

369 3459 462 3507 AEeres.
477 3453 571 3524 Aptius
584 3463 673 3505 tamen
687 3452 758 3523 leges
775 3455 831 3520 qui,
845 3471 879 3507 sc.
925 3458 1099 3516 sciatensis,
1113 3473 1144 3508 ex
1158 3455 1280 3527 opposita
1291 3455 1346 3508 acie
1357 3457 1442 3510 AEetu

368 3533 461 3602 dies),
473 3529 810 3599 quoquevr'deomlasouem
823 3547 881 3584 ran-
924 3545 950 3586 et
965 3537 1194 3605 Argonautarum,
1213 3532 1311 3606 quibus
1328 3532 1442 3600 aderat,

369 3627 404 3663 sos
413 3615 529 3683 flentem,
543 3610 674 3663 dolentem
687 3649 695 3674 ,
708 3615 762 3663 sine
774 3615 880 3672 honore,
925 3627 951 3668 et
967 3632 1073 3668 secum:
1092 3617 1150 3666 ltuir
1159 3617 1294 3684 infissera,
1308 3627 1441 3680 mortem,

368 3690 448 3764 digna
461 3690 686 3752 remuneratione,
698 3695 804 3744 labores.
925 3701 1022 3755 Perses,
1045 3713 1124 3766 quem
1144 3703 1231 3748 tamen
1255 3694 1312 3766 ipse
1337 3691 1443 3766 Jupiter

405 3773 465 3841 737.
478 3773 596 3830 Dixerat,
612 3781 636 3824 et
643 3785 730 3840 pectus
747 3777 796 3824 suis
812 3793 879 3825 ever·
924 3773 999 3828 fratri
1008 3793 1184 3829 successorem
1198 3772 1344 3828 destinarit.

368 3855 437 3902 heras
456 3852 548 3912 annis,-
568 3850 620 3902 hoc
642 3851 756 3904 voluisse
776 3851 881 3905 ridetur
961 3850 1442 3926 743.Vereor‚uenortmfmude‚rlo-

369 3927 503 3982 Valerius:
515 3947 578 3982 ense
586 3929 655 3981 feriit
664 3929 797 4002 clypeum,
808 3929 881 4003 quod
925 3931 952 3986 lo
961 3933 1094 4006 maligno,
1103 3949 1253 4004 perempertus
1268 3936 1377 4002 increpet
1390 3933 1444 3985 lu-

369 4009 456 4062 l'aeere
465 4008 491 4060 in
502 4007 625 4080 prelium
633 4008 808 4080 procedentes
817 4011 881 4083 scy·
925 4013 1005 4085 piter,
1014 4027 1038 4065 et
1048 4019 1145 4083 culpem
1154 4017 1220 4066 hanc
1230 4033 1324 4084 magno
1334 4027 1444 4073 tenure,

369 4087 421 4140 th:
433 4086 554 4140 solebant
570 4091 613 4156 (r.
629 4086 880 4158 supra‚hoclibro,
926 4092 1085 4164 gravissimis
1104 4094 1205 4155 verbis,
1229 4091 1445 4164 rependat,ulci-

369 4186 396 4220 r.
408 4187 442 4237 99
451 4169 479 4234 );
492 4168 582 4220 lorsan
596 4177 684 4218 tarneu
697 4167 775 4220 aliam
786 4186 882 4241 posue-
925 4183 1022 4226 eostur.

368 4258 410 4299 rat
426 4263 520 4301 vocem
535 4259 628 4318 poeta,
642 4265 703 4301 narn
720 4251 795 4300 annis
812 4247 880 4304 intra
961 4253 1021 4324 745.
1032 4251 1184 4304 uaerdtcens
1198 4253 1350 4304 euomuisse
1362 4251 1445 4306 indu-
