3124 5132
343 500 732 571 ARGONAUTICON
758 503 843 572 ΗΒ.
867 507 926 574 vt.
1129 519 1171 602 47

155 615 302 702 Mendici
317 637 440 725 captiva
455 637 546 720 viro,
565 649 683 727 meque
698 639 750 704 illc
768 641 952 730 magistram

152 751 293 834 Sentiet,
306 767 339 817 et
354 768 450 842 raptu
465 753 592 818 famule
608 752 749 820 doluisse
761 755 917 845 pudendo
927 789 949 823 ι.

197 867 347 949 Dixerat,
364 881 413 932 ast
428 867 490 932 illae
506 887 676 934 murorum
693 884 833 934 extrema
848 888 1037 961 capessunt,

152 980 336 1071 Defixaeque
349 981 458 1046 virum
473 983 656 1072 lituumque
670 983 853 1074 fragoribus
869 985 1021 1053 horrent:

153 1096 270 1180 Quales
285 1096 419 1190 instanti
434 1097 621 1164 nimborum
637 1098 757 1189 frigore
773 1115 892 1166 moestae
1131 1123 1170 1162 sos

151 1209 336 1275 Succedunt
351 1210 466 1293 ramis,
482 1211 670 1300 haerentque
684 1235 803 1301 pavore
817 1213 976 1280 volucres.

193 1324 329 1412 lamque
339 1325 428 1410 Getes
438 1371 449 1407 ,
458 1324 589 1414 jamque
598 1326 704 1389 omnis
716 1325 833 1410 Hiber,
844 1327 1061 1415 Drancaeaque
1073 1327 1170 1394 densa

151 1439 260 1528 Strage
276 1438 364 1504 cadit
380 1438 485 1529 legio,
498 1456 531 1504 et
544 1440 614 1506 latis
626 1442 843 1529 prosternitur
855 1419 949 1507 arvis]

147 1553 327 1618 Semineces
343 1551 554 1642 duplicesque
571 1555 656 1619 inter
671 1577 729 1620 sua
742 1557 824 1637 tela,
840 1579 981 1646 suosque

152 1669 239 1732 luter
253 1689 375 1756 equos,
392 1689 507 1732 saevam
522 1666 640 1732 misero
652 1667 826 1733 luctamine
839 1686 967 1735 versant
1131 1691 1169 1731 sn.

151 1779 360 1871 Congeriem,
376 1796 409 1847 et
423 1779 529 1870 longis
545 1803 675 1871 campos
692 1781 887 1870 singultibus
902 1784 1046 1876 implent.

152 1897 297 1960 Victores
312 1911 429 1960 contra
439 1895 579 1984 patrium
596 1896 710 1960 Paeana
724 1895 841 1962 Geloni

152 2008 405 2100 congeminant,
423 2007 535 2074 cadem
547 2005 687 2074 redeunt
698 2031 774 2074 mox
787 2009 902 2100 gaudia
915 2012 1024 2097 victis,

152 2125 222 2207 Qua
236 2122 319 2189 deus
334 2139 367 2187 et
381 2122 498 2187 melior
512 2121 587 2186 belli
603 2115 742 2212 respexit
756 2123 873 2214 imago.

192 2240 274 2324 Quis
290 2239 369 2304 tales
384 2237 495 2304 obitus
511 2237 653 2321 dederit,
666 2239 738 2327 quis
755 2239 827 2304 talia
843 2240 942 2322 iacta,
1130 2263 1170 2302 ns

139 2473 188 2534 ico
198 2473 369 2536 &niuemque
384 2471 451 2517 daces
465 2485 495 2517 ex
507 2469 541 2518 Pli
550 2471 613 2532 conj.
624 2472 689 2517 lunt.
701 2479 725 2518 et
735 2471 785 2518 elie
796 2486 871 2534 usque
885 2471 916 2518 ad
929 2475 1054 2522 Burmann.
1069 2502 1099 2512 -
1115 2477 1171 2539 510,

120 2554 262 2600 maine.
273 2553 339 2599 lunt.
355 2553 439 2600 Matr.
458 2549 511 2597 Ald.
528 2576 559 2586 -
579 2551 632 2598 Sta.
645 2551 743 2599 Vtetores
759 2553 860 2613 patrium
878 2563 964 2599 contra.
983 2553 1057 2602 Codd.
1070 2565 1095 2602 et
1114 2555 1168 2603 edd.

114 2643 162 2680 aare
170 2633 233 2681 Cerr-
245 2633 290 2681 En.

112 2840 192 2898 nde,
206 2834 368 2902 sacerdotis,
383 2856 422 2888 me
437 2839 532 2897 dolere,
547 2831 615 2888 ledi.
660 2851 749 2887 sorum
765 2844 836 2886 strue
852 2833 1010 2906 intelligere,
1022 2836 1094 2907 quod
1111 2855 1170 2890 sua·

141 2917 200 2971 503.
210 2915 307 2970 Medea
316 2916 430 2981 comite,
440 2933 561 2966 muromm
573 2933 617 2965 er·
659 2913 724 2967 dere
736 2912 843 2966 videtur
852 2931 962 2985 sequena
975 2917 1170 2984 congeriemcd

109 3010 195 3056 m,
221 2996 316 3049 turrim
345 2993 499 3050 conscendit
523 2994 616 3060 luno,
659 2991 726 3046 illud
739 2991 852 3045 doctius.

109 3079 257 3145 φαμι,
276 3073 362 3128 oculis
379 3073 501 3128 deorsum
514 3073 615 3137 versis,
696 3072 755 3125 510.
773 3076 864 3124 Misero
881 3076 1026 3135 luctuosius,
1046 3085 1075 3127 ut
1094 3095 1122 3130 se
1141 3078 1167 3130 in

109 3156 215 3216 Borrae,
241 3158 329 3223 quales
356 3156 459 3205 ineunti
483 3155 616 3205 nimborum
659 3149 739 3222 pedes
758 3151 852 3204 iterum
871 3153 987 3226 erigant,
1005 3169 1168 3208 versantur·

101 3235 208 3301 Jn‘gore,
232 3233 416 3286 imminentem
435 3242 615 3304 tempestatem
659 3233 872 3299 varncougsrr'ern.

106 3314 313 3382 pretendentes,
323 3332 380 3364 ares
389 3313 611 3372 suecedrmtramis,
694 3310 756 3363 ⁵12.
767 3310 883 3362 Dubium
899 3306 945 3360 diu
962 3308 1083 3380 prelium
1096 3323 1170 3367 estet

104 3393 245 3461 huncque
255 3411 362 3460 pavore,
373 3388 477 3462 paride
492 3390 615 3442 arborum
659 3405 769 3460 anceps,
783 3387 864 3441 modo
879 3387 924 3454 hi,
938 3387 1018 3441 modo
1031 3389 1070 3442 illi
1085 3392 1168 3446 victo-

104 3469 210 3524 irondes
219 3469 318 3523 densas
326 3480 429 3541 petunt.
659 3485 702 3521 res
716 3467 764 3519 sihi
775 3465 907 3520 videntur.
925 3465 983 3520 Hoc
997 3468 1032 3521 ita
1046 3469 1169 3526 effertur:

135 3553 198 3622 ⁵⁰7·
210 3551 399 3620 Depugnantes
406 3547 518 3601 invicem
527 3557 617 3619 gentes
662 3549 772 3600 Victores
783 3551 885 3607 Geloni,
892 3549 1000 3615 pctrirurr
1010 3553 1104 3601 Pauus
1113 3571 1171 3603 corr·

104 3631 292 3682 nominentur:
313 3631 397 3688 Getae,
417 3629 512 3687 Hiberi,
530 3631 615 3678 Dran-
658 3628 800 3693 geminant,
819 3626 900 3678 semel
918 3625 1069 3700 iterumque
1090 3641 1171 3684 cantu

103 3713 159 3772 ιη’,
171 3709 448 3762 Geloni-Semineces
463 3710 618 3774 duplicesque
660 3704 720 3756 leto
740 3703 877 3756 victoriam
901 3702 1048 3771 celebrant,
1073 3725 1173 3768 canunt

102 3785 272 3841 Burmannus
286 3783 399 3857 explicat
410 3784 563 3838 vulneribus
577 3785 617 3836 iu·
662 3784 789 3849 intulisset
800 3785 885 3834 eadem
895 3785 1066 3836 redewrtmox
1072 3788 1171 3852 gaudia

100 3878 244 3931 curvatos,
255 3865 294 3917 uti
306 3861 379 3935 apud
389 3860 470 3915 ovid.
485 3862 598 3916 Met.V1
608 3901 616 3928 ,
661 3864 746 3920 uictis,
758 3880 808 3928 qua
817 3862 827 3929 (
837 3860 882 3912 ubi
892 3867 901 3929 )
911 3863 971 3911 deus
982 3859 1007 3913 et
1018 3866 1103 3915 melior
1114 3867 1172 3916 belli

100 3946 169 4012 ²⁹3,
193 3945 327 4012 duplicata
351 3945 457 3994 uulnere
481 3961 548 3993 coeco
570 3955 615 3994 ert.
661 3941 780 4009 respexit,
807 3938 902 3992 iterum
921 3939 1011 3993 sciere
1031 3942 1087 3994 visa
1113 3953 1169 4005 est,

98 4023 194 4096 Virgss.
207 4025 271 4075 AEn.
291 4020 346 4088 xl,
366 4019 438 4086 6453
459 4017 529 4082 ΧΠ,
547 4037 620 4089 pap,
661 4023 757 4088 inrogo,
770 4033 901 4091 aspectus.
921 4018 995 4072 Hanc
1009 4037 1064 4073 esse
1087 4033 1170 4092 poetro

97 4102 144 4154 uhi
157 4105 302 4171 duplum
312 4101 416 4168 poples,
429 4097 447 4152 i.
458 4116 482 4152 e.
492 4097 617 4162 inflexum
662 4109 775 4151 mentem
785 4137 793 4164 ,
804 4097 848 4150 rix
859 4096 1051 4161 dubitandum
1068 4099 1169 4154 utinam

96 4181 133 4232 sit
143 4177 281 4253 lleynius.
289 4176 377 4232 Possis
386 4174 465 4242 &nm
475 4175 618 4248 simplicius
661 4175 804 4230 dilucidius
816 4174 1036 4248 exprompsisset!
1048 4175 1171 4232 Heinsius

95 4258 130 4312 de
145 4269 308 4314 coecmrata
321 4275 353 4312 ex
364 4267 478 4328 utraque
486 4265 559 4327 parte
571 4271 618 4308 cc·
663 4255 741 4308 etiam
752 4253 880 4320 oiicndit,
893 4265 919 4306 ct
932 4271 982 4325 pro
993 4255 1077 4324 imago
1090 4259 1173 4331 conji.
