3220 5128
343 546 406 633 396
722 555 1022 622 CATALOGUS

342 671 474 738 functus
500 675 584 740 inter
607 679 806 766 Argonautas
832 695 1038 744 memoratur.
1067 679 1235 766 Orpheus,
1260 702 1306 742 rs.
1329 701 1401 767 127,

342 799 417 840 eum
444 776 546 844 lilium
564 783 702 870 Anspycs'
725 799 758 848 et
781 784 972 871 Aregomiiis
998 771 1173 864 lacit;'ubi
1199 782 1401 847 Escchenba·

344 882 455 960 chius,
481 907 519 948 ex
545 883 660 950 Graevii
685 890 861 970 sententia,
879 889 1038 954 diversam
1061 887 1102 952 dc
1122 903 1223 952 matre
1239 889 1319 953 ratis
1339 891 1401 952 Or·

343 987 426 1074 phea
442 990 534 1076 sequi
552 993 743 1056 sententiam
761 1009 861 1058 notat.
883 993 945 1057 Alii
964 1009 1151 1058 constanter
1168 992 1318 1058 Chlorida
1335 1017 1404 1056 ma·

344 1107 426 1156 trem
437 1112 569 1176 vocant,
586 1121 658 1184 quae
676 1097 802 1164 diversa
817 1124 834 1164 a
851 1099 1009 1180 Clslort'de,
1025 1099 1218 1188 Amphionis
1233 1115 1266 1164 et
1281 1099 1403 1164 Niobes

345 1195 423 1279 fllia,
444 1220 540 1285 quarn
565 1200 685 1266 Neleus
705 1226 838 1268 uxorem
861 1203 971 1286 duxit,
995 1222 1027 1269 et
1052 1227 1071 1268 a
1091 1203 1253 1284 Cltlort'ds,
1275 1205 1403 1268 Tiresiae

345 1301 424 1383 lilia,
444 1319 480 1368 ut
498 1305 631 1392 quidam
650 1324 784 1374 matrem
802 1309 1013 1396 Periclymeni
1030 1327 1161 1389 vocant,
1180 1309 1251 1373 vide
1268 1309 1300 1372 in
1317 1309 1403 1372 Peri·

346 1408 497 1494 clymeno.
511 1413 630 1502 Hygin.
645 1413 709 1478 lab.
727 1437 781 1497 ro,
798 1431 830 1487 et
841 1415 947 1480 Schol.
963 1417 1095 1480 Homeri
1110 1413 1226 1504 Odyss.
1243 1416 1307 1494 XI,
1325 1415 1402 1494 ²3⁰3

345 1513 418 1578 vide
435 1516 518 1580 infra
535 1517 569 1580 in
588 1519 695 1586 Neleo.
712 1521 858 1584 Valerius
877 1538 996 1602 noster,
1015 1521 1069 1586 lib.
1082 1523 1116 1602 l,
1136 1545 1182 1585 vs.
1203 1521 1280 1602 383,
1303 1522 1403 1610 Apol·

346 1620 419 1684 linis
443 1619 543 1686 lilium
568 1625 659 1708 facit3
679 1650 754 1692 curn
777 1649 843 1714 quo
866 1628 941 1691 facit
965 1628 1100 1710 Statius,
1120 1627 1223 1692 Theb.
1240 1627 1307 1704 111,
1331 1626 1404 1708 521,

348 1728 404 1790 ubi
433 1730 578 1796 Lutatius
603 1733 759 1822 interpres
777 1735 934 1821 Apollinis
959 1751 991 1798 et
1016 1733 1174 1798 llimantis
1201 1733 1302 1798 fllium
1329 1733 1405 1798 dicit

347 1835 461 1917 fuisse,
478 1854 510 1901 et
527 1837 603 1901 hinc
620 1837 751 1926 quidam
771 1838 857 1927 apud
875 1839 969 1904 Osid.
985 1863 1022 1904 ex
1041 1841 1165 1918 Ponto,
1183 1841 1216 1920 l,
1234 1842 1270 1920 4,
1289 1838 1342 1924 37,
1359 1839 1404 1902 le·

348 1959 430 2030 gunt
443 1967 499 2008 nec
516 1945 697 2010 Hainantriis
712 1961 819 2025 natus,
842 1964 874 2010 et
884 1948 1069 2036 intelligunt
1083 1947 1249 2034 Mopsum,
1258 1961 1296 2008 ut
1312 1945 1407 2010 docet

349 2047 474 2112 Merula
493 2050 526 2111 in
547 2051 640 2114 notis.
660 2051 722 2114 Sed
743 2053 897 2139 Apollinis
922 2051 1005 2116 filius
1025 2075 1090 2116 non
1114 2051 1175 2114 fnit
1201 2072 1328 2130 revera,
1350 2047 1405 2112 sed

351 2155 506 2241 opinione
529 2175 562 2220 et
582 2174 750 2245 poetarum
766 2157 895 2246 elogiis,
913 2159 968 2244 qui
989 2172 1075 2220 vates
1090 2155 1244 2243 Apollinis
1264 2155 1344 2218 lilios
1360 2155 1406 2218 fa-

350 2261 458 2342 ciunt3
473 2261 561 2326 unde
575 2262 720 2327 Valerius
739 2262 834 2340 dicit,
855 2259 1054 2350 Plzaebifides
1071 2285 1135 2326 non
1152 2284 1242 2324 varta
1252 2263 1406 2350 parentis,

351 2365 384 2430 id
399 2381 464 2448 est,
480 2391 556 2431 eum
573 2383 640 2432 arte
659 2391 716 2432 sua
734 2383 766 2430 et
783 2369 962 2455 prestantia
978 2365 1171 2430 vaticinandi
1191 2366 1279 2453 vulgi
1296 2387 1405 2428 rumo-

351 2495 418 2534 rem
436 2470 661 2554 confirmasse,
680 2473 771 2560 quasi
788 2473 942 2561 Apollinis
959 2489 1042 2536 essct
1058 2471 1161 2554 lilius;
1179 2469 1293 2534 eodem
1313 2469 1409 2534 modo

352 2595 389 2641 ut
404 2577 550 2667 Neptuni
566 2596 598 2642 et
615 2581 750 2643 aliorum
768 2577 905 2644 deorum
920 2577 1000 2642 lilios
1017 2577 1155 2641 vidimus
1173 2577 1272 2656 alios,
1293 2576 1348 2663 qni
1368 2591 1410 2638 ta·

353 2705 427 2746 men
449 2707 525 2746 vero
541 2701 630 2773 patre
648 2685 864 2748 censebantur
881 2685 959 2766 alio;
975 2683 1017 2746 ita
1033 2699 1066 2746 et
1083 2683 1163 2746 alter
1173 2681 1300 2770 Mopsus
1313 2681 1409 2768 Apol-

353 2789 426 2854 linis
438 2789 530 2854 'lilius
546 2790 663 2872 dictus,
679 2812 781 2878 quum
792 2806 875 2854 essct
883 2789 993 2853 Rhacii
1005 2804 1037 2852 et
1045 2787 1193 2867 Mantus,
1209 2785 1260 2850 adi
1274 2787 1407 2849 Pausan.

353 2896 480 2959 Achaic.
500 2894 555 2960 lib.
567 2897 648 2974 Vll,
663 2919 731 2981 rap.
747 2893 782 2974 3,
800 2893 856 2957 ubi
874 2893 947 2956 vide
966 2909 1057 2956 notas
1071 2892 1212 2972 Kuhnii,
1230 2891 1283 2978 qui
1294 2891 1406 2953 exCo·

353 3001 447 3064 nonis
471 3001 653 3064 narratione
670 3001 711 3062 Vl
730 2999 764 3062 id
779 2997 895 3062 firmat.
914 2998 1047 3085 Reliqua
1066 2995 1106 3060 de
1128 2997 1244 3084 Mopso
1265 2994 1356 3058 obvia
1374 3011 1408 3056 et

354 3097 507 3194 oc'cupata
526 3106 603 3170 aliis.
631 3106 779 3193 Hyginus
794 3127 871 3168 vcro
886 3099 977 3166 hunc
993 3104 1033 3166 ab
1049 3103 1142 3165 initio
1158 3125 1224 3164 non
1243 3100 1409 3164 accessisse

355 3212 548 3302 Argonautis
566 3213 624 3290 ait,
652 3211 708 3274 sed
730 3212 762 3272 in
782 3210 895 3274 itinere
913 3225 986 3297 post
1008 3225 1144 3272 mortem
1162 3207 1296 3295 Ampyci
1314 3206 1410 3294 patris

353 3317 393 3382 ad
409 3341 464 3382 eos
480 3339 514 3380 se
531 3315 719 3396 contulisse,
737 3314 854 3378 deinde
869 3315 902 3376 in
917 3312 1022 3376 Africa
1041 3335 1152 3376 morsu
1168 3311 1325 3399 serpentis
1339 3309 1409 3374 obi·

356 3425 436 3505 isse,
456 3445 556 3511 quum
579 3421 683 3486 caeteri
706 3443 818 3484 omnes
843 3419 938 3484 simul
959 3440 1034 3482 cum
1055 3419 1171 3482 Jasone
1189 3414 1411 3480 conscendisse

355 3553 486 3610 navem,
503 3546 535 3594 et
551 3550 590 3592 ex
600 3525 761 3590 Thessalia
779 3525 909 3589 solvisse
927 3541 1067 3588 narrent.
1090 3525 1138 3586 De
1159 3524 1227 3603 ejus
1247 3522 1412 3586 morteri·

353 3637 421 3702 deri
438 3651 574 3726 possunt
590 3633 647 3697 viri
664 3632 768 3712 docti,
783 3653 865 3718 quos
879 3630 943 3709 jam
958 3628 1169 3706 laudavimus,
1188 3645 1219 3692 et
1228 3629 1361 3692 Tzetaes
1372 3624 1411 3689 ad

354 3743 559 3834 Lycophron.
574 3763 620 3804 vs.
636 3737 710 3804 881.
728 3736 881 3816 Ovidius,
910 3758 984 3798 eum
1006 3734 1202 3821 superfuisse
1218 3731 1295 3796 huic
1319 3754 1413 3818 expe·

354 3849 488 3930 ditioni,
515 3864 547 3912 et
569 3846 698 3910 venatui
725 3840 905 3930 Calydonio
928 3863 1003 3904 cum
1030 3839 1191 3928 Meleagro
1214 3837 1412 3914 interfuisse,

354 3958 441 4022 canit
452 3956 582 4019 Metam.
596 3952 749 4030 tiuvllt,
765 3949 837 4014 316.
857 3947 1024 4036 Apuleius,
1040 3945 1080 4010 de
1093 3944 1155 4010 deo
1168 3945 1322 4024 Socratis,
1337 3964 1411 4006 eum

356 4085 415 4150 pro
433 4060 495 4124 deo
512 4059 652 4138 cultum,
676 4071 708 4119 et
727 4056 759 4119 in
780 4054 882 4119 Africa
898 4052 1065 4116 oraculum
1087 4050 1238 4114 habuisse
1256 4037 1413 4128 affirma't3

355 4167 428 4232 vide
443 4165 550 4231 Barth.
565 4164 604 4228 ad
620 4165 698 4228 Stat.
708 4160 812 4224 Theb.
824 4161 890 4242 Ill,
909 4159 982 4224 521.
