3102 5128
323 511 716 581 ARGONAUTICON
748 510 832 574 LlB.
857 510 938 573 Vll.
1097 508 1156 572 125

152 655 275 738 lamque
290 665 432 713 tremens
450 647 546 734 longe
563 644 711 732 sequitur
726 643 856 725 Venus3
873 657 975 730 utque
991 638 1053 706 sub
1065 641 1143 704 altas

152 767 319 829 Pervenerc
335 761 456 838 trabes,
476 760 621 847 divaequc
639 756 793 821 triformis
810 757 844 820 in
864 755 1031 837 umbram,
1119 779 1159 832 ³9⁵

153 883 204 945 llic
218 880 327 945 subito
345 894 420 941 ante
437 876 548 939 octdos
568 871 717 936 nondum
736 887 882 958 speratus
899 872 994 936 lason

152 994 303 1075 Emicuit,
324 990 467 1078 viditque
485 989 575 1076 prior
594 985 766 1050 conterrita
781 983 882 1072 virgo.

152 1113 251 1197 Atque
267 1107 345 1170 hinc
360 1127 394 1168 se
412 1103 581 1193 profugam
594 1100 718 1164 volucri
737 1095 968 1162 Thaumantias
982 1096 1029 1158 ala
1109 1137 1111 1144 ·

154 1221 306 1301 Sustulit,
323 1217 399 1283 inde
419 1217 530 1281 Venus
546 1214 665 1278 dextrae
683 1212 800 1302 dilapsa
818 1210 951 1274 tenenti.

152 1338 271 1401 Obvius
287 1351 325 1398 ut
341 1356 412 1398 sera
430 1355 532 1420 quum
550 1353 583 1394 se
598 1328 659 1394 sub
676 1343 771 1392 nocte
788 1325 946 1415 magistris
1069 1386 1073 1406 ‚
1122 1345 1162 1386 aa

149 1451 298 1540 impingit
310 1447 485 1538 pecorique
500 1466 618 1534 pav0r5
637 1443 787 1530 qualesve
803 1419 1004 1528 profundum

151 1565 203 1630 Per
218 1565 326 1629 Chaos
341 1575 517 1626 occurrunt
532 1581 621 1622 caecaa
639 1531 859 1620 sincvocibus
874 1553 1012 1618 umbro:

152 1677 243 1743 Haud
260 1698 352 1742 secus
369 1675 403 1738 in
421 1672 534 1737 mediis
550 1671 656 1735 noctis
672 1666 878 1754 nemorisque
896 1666 1038 1731 tenebris

151 1792 331 1858 inciderant
346 1790 442 1854 ambo
459 1785 604 1867 attoniti,
618 1785 773 1870 juxtaque
790 1780 958 1862 subibant,

152 1907 314 1972 abietibus
332 1904 435 1969 tacitis
450 1919 506 1968 aut
521 1899 663 1965 immotis
678 1896 846 1986 cyparissis
1125 1910 1164 1954 sss

151 2017 339 2102 Adsimiles,
364 2015 494 2106 rapidus
509 2013 658 2080 nondum
674 2034 753 2100 quas
767 2009 897 2077 miscuit
910 2010 1036 2074 Auster.

141 2201 187 2263 396.
206 2205 316 2264 Namque
332 2211 437 2245 tremens.
449 2196 524 2243 Vatia.
542 2203 566 2242 et
582 2195 672 2241 sonos.
688 2189 758 2236 codd.
778 2189 834 2250 Ipsa
850 2197 956 2232 matteas.
978 2187 1042 2233 Cat-r.
1062 2212 1092 2222 -
1112 2186 1164 2249 398,

121 2279 167 2326 atis.
176 2281 254 2328 Vatic.
265 2279 319 2326 cod.
336 2277 438 2326 latueris
449 2274 502 2321 atis.
515 2273 580 2320 em.
592 2297 622 2306 -
634 2269 688 2325 406.
701 2270 734 2315 As
743 2266 836 2312 similes.
848 2267 906 2312 Bon.
917 2264 970 2311 eod.
980 2267 1036 2311 Bon.
1048 2266 1065 2311 Ι,
1075 2266 1119 2313 81„

117 2462 273 2536 spissior-ique
293 2459 403 2531 caligine
426 2456 541 2510 involuta
564 2453 613 2507 sibi
656 2449 748 2524 quiin
768 2449 887 2520 utrisque
909 2447 1059 2502 amantibus
1084 2449 1166 2502 animi

118 2541 253 2596 videbatur.
262 2541 342 2596 cont.
354 2536 438 2591 dehis
448 2533 615 2606 magicislde⁴
657 2542 745 2585 motus
761 2528 920 2588 exstiterint,
935 2525 1080 2580 admodum
1095 2528 1169 2582 luxu-

116 2619 275 2675 dacartibna
289 2619 410 2691 Apollon.
420 2617 470 2681 111,
480 2615 579 2685 ttosq.
657 2609 756 2662 rianter
778 2625 832 2660 non
850 2625 921 2671 uua,
939 2604 983 2658 sed
1005 2606 1089 2658 tribus
1107 2606 1167 2658 illu-

145 2701 316 2769 lqadamqas
334 2713 451 2756 cernens,
467 2693 502 2746 de
518 2702 615 2746 eventu
658 2699 722 2740 strat
749 2684 998 2756 comparationibus.
1028 2688 1114 2737 Obvius
1141 2700 1170 2737 ut

115 2781 196 2844 mia,
210 2785 286 2847 tange
302 2779 412 2844 sequitur
423 2781 521 2832 Venam-
534 2783 615 2842 utque
659 2786 733 2835 qaam
737 2784 824 2833 pavor,
831 2773 915 2815 terror
924 2761 1031 2832 panicus
1039 2762 1168 2836 objectas,

116 2857 137 2908 in
151 2859 242 2912 silvam
259 2859 402 2926 lucumque
415 2853 525 2906 Hecates
537 2867 615 2904 vene·
657 2863 713 2897 sera
726 2848 769 2895 sab
782 2839 938 2911 (abundat)
950 2855 1021 2891 nacte
1034 2845 1168 2910 magistris,

113 2951 175 3004 rant,
183 2941 267 2991 sahieo
280 2951 339 2986 anta
352 2937 434 2984 ocutos
446 2933 554 2982 nondum
563 2948 616 2996 spe·
658 2923 809 3000 pastoribus
822 2918 963 2989 (oontvl,
977 2918 1028 2981 436
1038 2921 1168 2987 ),pacort'-

115 3035 184 3078 rana,
207 3016 336 3090 opinione
349 3012 437 3076 citius,
448 3012 558 3068 emicuit,
575 3025 616 3059 ex·
660 3021 745 3070 quase
758 3003 869 3069 impingit
880 2999 1024 3070 (gravius,
1038 3017 1117 3071 quam
1132 3005 1168 3052 in.

115 3099 198 3168 quisita
217 3115 270 3169 pro
287 3094 414 3160 pmsilait3
426 3091 536 3154 viditque
549 3089 618 3154 prior
660 3085 762 3141 cidaras,
778 3080 867 3150 paullo
880 3089 954 3140 ante,
969 3077 1047 3148 393);
1057 3083 1171 3145 qualesve

113 3181 239 3228 masmim
252 3178 339 3240 virgo,
349 3169 384 3222 ad
396 3176 565 3238 oonapectum
574 3181 617 3216 co·
658 3161 807 3228 profisndum
812 3177 861 3226 per
873 3160 968 3218 Chaos,
978 3175 1089 3228 regnum
1102 3159 1169 3212 infe.

113 3255 216 3309 horruit.
234 3286 273 3296 -
289 3249 359 3303 Vide
371 3247 404 3302 sd
424 3247 522 3300 calcem
539 3243 620 3315 hujus
662 3257 751 3291 rorum
773 3237 1049 3308 (ingentijacensore,
1061 3237 1171 3308 I,3'81),

112 3334 163 3388 libri
175 3350 235 3389 not,
248 3335 310 3400 394.
321 3331 373 3383 En.
663 3331 791 3368 occamnt
800 3334 884 3374 σασα,
893 3331 953 3384 qum
963 3331 1071 3384 corpora
1085 3315 1172 3368 viden.

142 3417 202 3482 398.
213 3421 302 3481 Atque
310 3413 367 3460 hiae
376 3405 477 3478 (recepi
487 3413 620 3476 preeunte
662 3408 706 3448 tur
719 3396 817 3448 habere
827 3391 890 3457 ‚scd
903 3411 958 3445 non
970 3393 1021 3445 nisi
1030 3393 1171 3448 simulacra

111 3491 269 3548 Bononieusi
288 3501 314 3542 ct
335 3487 443 3540 Heinsio
457 3501 505 3556 pro
522 3483 575 3541 tia,
591 3496 621 3532 ut
662 3485 887 3543 suntcorporum,
900 3489 954 3524 uno
968 3471 1049 3524 verbo
1064 3473 1171 3536 inanes,

111 3574 227 3646 sequenti
242 3573 302 3621 inae
314 3564 489 3638 respoudeat)
501 3582 526 3612 se
535 3562 619 3629 profit·
662 3557 714 3605 sine
726 3555 844 3611 vocibus,
856 3550 974 3616 silentes,
984 3555 1074 3604 usnam
1081 3575 1091 3612 ;
1104 3555 1174 3604 laad

108 3675 160 3722 gau
175 3652 282 3705 sancti
295 3646 484 3704 Thaumantias,
497 3639 561 3700 Iris,
577 3641 620 3690 ala
664 3630 844 3684 seausobviam
855 3629 905 3681 sibi
918 3628 979 3681 lacti
991 3629 1071 3682 lason
1084 3642 1109 3682 et
1119 3631 1173 3686 Ma

108 3739 217 3793 maelis,
229 3727 347 3803 peractis
364 3723 476 3778 Iunonis
491 3717 621 3772 mandatis
664 3709 729 3773 dea,
748 3712 870 3775 jussaque
890 3709 1018 3768 subibant,
1041 3727 1122 3779 prope
1141 3729 1172 3762 ex

110 3815 149 3876 (v.
163 3813 218 3866 188
229 3815 253 3878 )‚
264 3807 356 3861 relicto
367 3805 462 3856 Jasone
471 3841 479 3864 ,
489 3801 517 3852 in
528 3798 621 3868 Olym·
664 3788 773 3841 adverso
786 3786 900 3850 stabant,
910 3788 1027 3838 abietibus
1039 3791 1120 3838 tacitis
1129 3804 1174 3839 aas

109 3913 168 3964 pam
186 3889 293 3950 rediit3
314 3888 372 3937 inde
395 3902 425 3935 ex
444 3881 526 3934 altera
547 3887 622 3950 parte
665 3870 769 3920 immotis
783 3866 910 3932 cyparissis
923 3867 1058 3924 adsimiles,
1074 3870 1175 3933 rapidas

111 3979 187 4022 rems
199 3974 305 4022 dextra
314 3969 425 4032 dilapsa,
436 3961 502 4016 clam
513 3958 621 4028 elingit,
665 3951 773 3999 nandum
784 3963 846 4014 qaas
860 3946 954 3994 miscuit
960 3949 1056 3996 Auster.
1070 3944 1109 3996 td
1120 3964 1176 3998 vcr-

107 4051 236 4104 subduxit
247 4067 274 4100 se
284 4085 291 4109 ,
302 4047 400 4097 tenenti.
666 4028 732 4081 bunt
747 4023 885 4094 desumpta
901 4041 932 4075 ex
948 4021 1104 4092 Apollonio,
1119 4024 1176 4086 111,

140 4129 275 4192 too-430.
289 4125 333 4179 sic
347 4123 402 4175 sula
421 4119 510 4173 relicta
530 4113 624 4168 Medea
669 4111 739 4176 967:
753 4100 1179 4188 de'dvsufallltaudmlplara.

108 4227 165 4261 rum
178 4209 243 4261 solo
252 4207 358 4259 Jasone.
368 4201 444 4253 Prius
454 4217 533 4262 vers),
545 4212 626 4267 quam
670 4209 716 4241 aas
736 4186 886 4246 ἀλλήλοισιν,
900 4191 924 4237 Η
937 4180 1035 4254 δρυσὶν,
1055 4187 1071 4240 ἢ
1087 4193 1178 4257 μακρῇ.

107 4304 265 4341 termonem
277 4284 415 4336 raisccmes
426 4277 527 4333 inducit
538 4284 626 4346 pocta,
672 4289 708 4320 σιν
724 4263 854 4338 tattposs
866 4265 994 4332 ἰλάτῃσιν,
1007 4265 1073 4326 Aias
1086 4269 1183 4336 παρᾶα.
