3220 5128
376 473 441 546 400
755 427 1061 528 caratoous

421 587 608 666 Nestou,
634 585 726 649 Nelei
743 583 844 666 fliius,
869 585 926 672 qui
943 585 1032 648 solus
1046 586 1198 652 omnibus
1214 587 1366 652 fratribus
1381 611 1439 654 ru·

375 709 498 783 perstet
516 693 594 766 fuit,
617 692 692 779 quia
710 690 818 756 aberet
838 713 878 754 eo
898 706 1043 780 ternpore
1063 689 1180 772 domo,
1200 715 1266 778 quo
1283 695 1439 758 Hercules

375 801 474 866 Nelea
490 821 565 863 cum
579 800 669 864 omni
686 799 803 864 familia
820 798 967 880 sustulit3
986 797 1060 862 vide
1077 797 1197 887 Hygia.
1219 798 1281 864 fab.
1301 823 1351 864 ιο.
1377 801 1440 868 Hic

373 906 433 972 toli
444 903 571 968 Valerio
587 919 699 970 nostro
716 902 828 982 debet,
843 901 933 990 quod
952 902 1037 966 inter
1045 903 1250 991 Argonautas
1263 903 1438 988 habeatur;

376 1009 569 1090 videiib.1,
589 1009 669 1090 380,
686 1025 719 1072 et
729 1009 788 1090 vl,
808 1007 881 1094 569.
900 1007 987 1072 Licet
1001 1031 1080 1073 vero
1096 1007 1195 1074 irater
1212 1011 1281 1090 ejut
1297 1011 1438 1098 Penely·

375 1139 481 1180 monus
494 1131 572 1180 natu
589 1114 691 1194 major
703 1113 818 1194 fuerit,
831 1113 937 1200 ipsutn
951 1097 1277 1202 hujru'expeditionie
1293 1132 1439 1206 tempore

376 1221 520 1284 militaris
535 1218 635 1282 aetatis
659 1218 758 1282 fuisse
780 1234 928 1306 apparet,
944 1218 1019 1305 quia
1037 1217 1103 1298 jani
1118 1235 1214 1284 antea
1230 1221 1436 1309 Lapitharum

371 1325 542 1390 'certamini
563 1324 725 1398 interfuit,
747 1321 837 1409 quod
860 1323 968 1410 paucis
986 1324 1080 1388 annis
1098 1324 1181 1390 hauc
1195 1326 1340 1392 militiam
1354 1351 1438 1416 prae-

376 1433 490 1508 cessit,
510 1445 547 1494 ut
564 1431 632 1519 ipse
648 1430 767 1494 Nestor
781 1427 870 1518 apud
887 1427 1060 1510 Ovidium,
1077 1429 1209 1496 Metam.
1226 1433 1305 1515 xit,
1327 1456 1388 1496 212
1405 1451 1438 1498 et

376 1562 443 1627 seq.
459 1554 492 1602 et
506 1538 635 1618 Noster,
648 1532 703 1600 lib.
717 1537 743 1612 l,
762 1535 833 1616 145,
852 1551 1025 1615 testantur3
1042 1553 1237 1623 quamquam
1255 1541 1437 1627 scrupulus,

377 1645 402 1710 si
417 1644 527 1709 omnia
539 1641 580 1708 ad
594 1641 754 1708 historico
767 1641 909 1706 veritatis
923 1642 1081 1706 calculum
1097 1643 1185 1731 apud
1204 1643 1366 1731 Mythieoe
1386 1669 1437 1708 re·

375 1771 489 1813 vocare
507 1749 682 1828 vellemus,
704 1745 781 1816 inde
797 1745 884 1826 injici
903 1763 1027 1834 posset,
1040 1747 1131 1834 quod
1154 1748 1265 1835 primis
1290 1749 1324 1812 in
1345 1751 1438 1814 annis

377 1853 562 1920 interfuisse
577 1850 756 1942 Calydonio
772 1851 902 1916 venatui
921 1850 1006 1916 dicat
1027 1851 1181 1933 Ovidius,
1204 1853 1334 1918 Metam.
1345 1853 1421 1919 vt11
1428 1903 1436 1934 ‚

378 1959 457 2041 313,
478 1959 534 2046 qui
558 1973 632 2047 post
652 1957 786 2022 reduces
803 1960 1005 2046 Argonautas
1020 1972 1069 2022 eet
1085 1957 1262 2022 institutus.
1283 1960 1438 2024 Prreterea

377 2065 569 2130 scholiastes
587 2063 694 2142 Statii,
712 2063 815 2126 Theb.
832 2063 888 2142 1V,
915 2062 993 2142 126,
1016 2061 1111 2140 dicit,
1137 2063 1229 2127 ilium
1251 2062 1292 2126 ad
1317 2065 1437 2128 belluni

377 2170 568 2236 Thebanum
584 2191 651 2232 non
668 2169 779 2250 ivisse,
795 2167 869 2255 quia
886 2166 1034 2232 nondum
1055 2167 1263 2250 militaverat3
1284 2169 1372 2257 quod
1389 2187 1436 2233 ta·

379 2301 452 2342 men
480 2299 517 2340 ex
543 2275 649 2338 verbis
673 2275 762 2338 Statii
784 2275 837 2336 vix
859 2272 974 2338 confici
997 2295 1091 2360 posse
1116 2289 1212 2361 put03
1237 2297 1309 2362 quie
1336 2277 1377 2338 ita
1404 2297 1438 2340 te

378 2383 520 2446 habent:

516 2521 641 2576 Nondum
655 2535 716 2576 nota
730 2522 826 2594 Pylos,
838 2521 995 2596 juvenisque
1008 2533 1082 2576 etate
1096 2523 1211 2576 secunda
1282 2542 1288 2558 ⁸

516 2612 630 2676 Neston
643 2621 669 2662 at
682 2611 718 2662 ire
733 2621 819 2662 tamen
832 2611 947 2681 peritura
961 2609 988 2661 in
1002 2623 1086 2664 earm
1097 2612 1210 2682 negavit.

375 2777 470 2844 Unde
488 2796 595 2843 tamen
610 2793 717 2866 patet,
742 2802 817 2842 eum
835 2779 917 2842 nitra
930 2780 1060 2867 triginta
1077 2801 1180 2843 annos
1200 2797 1329 2860 natum,
1346 2781 1437 2846 ideo-

374 2906 439 2972 que
461 2899 571 2972 aptum
597 2882 672 2946 satie
696 2882 832 2962 miiitiae,
854 2881 910 2945 sed
935 2883 1077 2946 noluisse
1104 2883 1181 2947 huic
1210 2883 1291 2947 bello
1315 2907 1434 2948 nomen

374 3011 470 3052 suunt
487 2986 580 3068 dare;
601 2987 659 3049 ubi
677 2987 772 3050 etiam
789 2985 936 3050 Barthius
954 3003 1060 3066 notat,
1084 3005 1193 3074 poetas
1210 3011 1273 3052 non
1289 3005 1436 3052 constare

374 3095 435 3157 sibi
451 3095 485 3156 in
500 3109 683 3179 temporum
699 3095 834 3171 ratione,
850 3109 886 3155 ut
900 3093 1010 3156 talium
1026 3092 1194 3174 dominos,
1212 3117 1276 3157 non
1286 3094 1437 3174 famulos,

375 3222 435 3262 suo
461 3197 602 3284 quodam
622 3198 796 3286 privilegio.
818 3199 954 3286 Reliqua
976 3198 1017 3262 de
1040 3199 1184 3263 Nestoris
1209 3201 1285 3263 actis
1309 3217 1341 3264 et
1356 3203 1436 3280 rita,

372 3304 448 3390 quia
463 3303 590 3366 notiora
606 3319 699 3382 sunt,
713 3320 745 3365 et
758 3304 824 3366 huc
839 3326 905 3366 non
921 3305 1093 3391 pertinent,
1107 3305 1306 3369 omittemus.

417 3523 588 3604 OlLEUS,
602 3525 737 3589 Leodoci
753 3543 785 3589 et
802 3529 1027 3614 Agriarwntes,
1046 3525 1115 3590 fitiae
1132 3529 1318 3610 Perseonis,
1335 3529 1435 3612 filius,

373 3653 410 3694 ex
436 3629 517 3692 urbe
540 3631 671 3694 Naricea
698 3633 845 3719 Hygino,
872 3633 934 3697 tab.
962 3637 1019 3714 14,
1042 3651 1256 3716 memoratum
1283 3635 1340 3700 sed
1361 3639 1435 3700 Ber-

373 3735 504 3798 citelius·
518 3735 549 3796 in
579 3736 663 3799 uotis
685 3736 725 3799 ad
749 3739 978 3824 Fragmentum
1004 3739 1174 3826 Stephani,
1190 3763 1220 3827 p.
1239 3741 1299 3820 60,
1315 3741 1381 3804 sive
1397 3741 1436 3805 arl

372 3851 471 3906 Δότιον,
485 3841 651 3922 emendat,
671 3841 833 3906 Orhedoei
848 3842 950 3926 filius,
968 3845 1023 3932 qui
1041 3843 1209 3908 filiuserat
1228 3845 1329 3934 Cyni,
1348 3847 1436 3936 quod

370 3962 504 4032 stemma
528 3945 607 4008 mihi
632 3964 680 4010 est
704 3947 872 4034 ignotum,
897 3964 929 4011 et
953 3947 1134 4012 Berckelius
1158 3973 1195 4014 ex
1221 3951 1370 4016 Eustath.
1396 3951 1436 4016 ad

371 4052 406 4114 ll.
426 4053 475 4130 11,
492 4049 571 4130 531,
589 4053 697 4115 matris
721 4053 815 4116 etiam
837 4077 954 4117 nomen
971 4055 1151 4118 Laonomen
1168 4079 1226 4143 pro
1243 4059 1437 4144 Agrianome

371 4156 553 4236 substituit,
573 4156 662 4242 quod
685 4159 871 4238 verisimile,
898 4183 971 4223 narn
996 4158 1080 4222 idem
1106 4161 1217 4250 Stepit.
1242 4163 1276 4224 in
1300 4174 1436 4244 timim<
