3192 5138
280 515 329 582 IN
356 515 433 582 LIB.
457 514 550 579 OCT.
573 515 673 580 ARG.
701 515 810 580 NOVI
840 517 954 582 EDIT.
979 519 1123 590 NOTAE.
1175 549 1235 594 arr

159 630 249 684 Exstat
261 629 290 682 in
303 629 377 682 bunc
391 627 480 680 locum
494 627 596 699 egregia
607 626 723 700 ndolphi
742 634 840 682 nemas
854 634 886 683 de
900 638 1010 686 Lamalle
1020 633 1166 694 adnotatio.
1181 643 1236 696 Me.

160 715 211 768 nto
221 727 314 768 monet
327 713 396 766 banc
409 713 534 765 orationis
550 713 749 779 confusionem,
762 717 818 774 itte,
835 719 920 777 AEetn,
933 717 1044 774 diversa
1057 739 1176 791 personae
1189 743 1235 776 vo·

161 801 256 853 cabula
265 798 507 872 ,perturbationem
520 797 602 849 animi
619 809 680 869 apte
693 799 817 869 pingere,
835 800 992 871 exquisitam
1004 803 1147 859 Medeoede
1160 820 1235 878 putre

161 884 293 978 loqtpentis
309 877 493 975 gradationem
510 880 662 948 admiratur,
680 899 739 953 qnae
755 883 844 954 primo
861 884 1012 955 gravitatem
1027 889 1111 960 culpae
1130 901 1233 945 tantum

161 967 294 1064 eogitans,
312 967 386 1018 tertia
407 964 490 1018 utitur
508 983 638 1037 persona,
647 969 764 1034 prosapta
779 971 879 1035 genitor
897 988 962 1021 nunc
980 975 1039 1033 ills,·
1033 991 1129 1038 ·,mox
1149 995 1233 1048 quum

163 1052 249 1124 ipsum
260 1064 395 1122 tamquam
404 1060 560 1121 presentem
571 1049 650 1102 audet
661 1049 760 1122 alloqui
769 1087 776 1111 ,
785 1054 872 1102 AEeten
883 1063 984 1104 tantum
995 1057 1112 1108 nominat
1121 1075 1128 1119 ς
1138 1071 1238 1130 postre-

164 1155 223 1198 mo,
232 1135 310 1207 quasi
323 1135 446 1208 iacrymis
454 1151 486 1186 ao
496 1131 588 1187 dolore
598 1145 700 1205 patrem
711 1135 759 1186 sihi
770 1133 891 1187 videatur
900 1135 1063 1208 aliquatenus
1077 1141 1236 1211 placavisse,

165 1219 215 1272 boo
224 1223 306 1287 patris
319 1237 416 1270 nornen
430 1217 517 1270 liberis
531 1217 617 1289 eulpae
629 1217 740 1272 consciis
754 1219 869 1272 maxime
880 1221 1024 1275 verendum
1034 1225 1153 1296 prolerre
1166 1228 1241 1282 susti·

168 1315 228 1358 net·
244 1307 359 1354 nearede
365 1317 465 1371 ,.pater

198 1389 263 1442 llaec
285 1387 423 1441 feliciter'
415 1387 517 1439 invenit
534 1385 706 1459 exposuitque
725 1383 864 1484 Αιιοιιιιιιιι
887 1391 986 1438 Dureau
1006 1392 1038 1440 de
1054 1396 1174 1446 annalia.
1197 1394 1236 1448 Eo

165 1473 290 1527 libentius
311 1470 415 1526 landem
437 1471 548 1524 merenti
569 1489 641 1523 nune
659 1469 847 1523 tribuimus
823 1489 880 1560 ιιιο
890 1470 990 1543 ,quod
1009 1485 1140 1528 errantem
1163 1476 1238 1530 insiti

163 1575 233 1630 stupa
250 1554 479 1630 reprehendimus.

200 1705 234 1760 V.
253 1708 292 1758 16.
302 1707 374 1756 Dixit
380 1741 388 1765 ,
400 1719 425 1756 et
434 1706 560 1756 Haemonio
571 1722 700 1770 nunquam
716 1705 853 1772 spemanda
862 1707 962 1756 marito.
973 1736 1008 1744 —
1017 1706 1096 1762 smus.
1106 1708 1156 1774 Vl,
1172 1711 1238 1766 500:
1328 1767 1329 1772 ,

166 1808 280 1858 spernere
289 1807 334 1840 nec
344 1807 447 1858 usquam
461 1789 579 1838 Menduni
585 1789 684 1854 captiva
692 1789 758 1837 niro.

201 1927 236 1979 V.
248 1945 289 1979 ιο.
300 1929 361 1976 Inde
369 1929 438 1976 velat
448 1939 512 1975 ιοιιο
522 1927 653 1974 Fauianum
665 1939 745 1974 erecta
750 1923 866 1994 flagello.
876 1956 909 1964 —
921 1926 1091 1990 Burmannus
1105 1947 1186 1982 erecta
1196 1951 1238 1984 ex.

167 2009 267 2082 plicat:
293 2034 304 2056 ι
320 2008 404 2070 lecto,
417 2025 497 2078 quem
513 2005 678 2078 gemebunda
697 2019 842 2078 presserat,
857 2009 964 2062 excitata
976 2036 997 2063 n.
1018 2010 1069 2064 Per
1083 2032 1143 2066 eum
1162 2014 1241 2086 igitur

169 2112 222 2147 non
233 2105 300 2157 stat,
313 2093 379 2164 quin
392 2090 513 2144 Medeam
527 2111 541 2141 s
549 2093 649 2158 palacio
658 2094 774 2158 prosilire
786 2109 847 2142 enm
860 2093 1001 2164 Wagnero
1019 2095 1163 2168 intelligam
1179 2099 1240 2153 vide

166 2193 256 2245 supra,
269 2176 315 2228 lab.
326 2175 413 2238 vm,
431 2187 486 2228 not
502 2191 551 2237 ao,
563 2173 644 2246 hujus
654 2173 705 2226 vol.
720 2191 781 2246 pag.
797 2191 854 2244 ¹7²·

884 2253 894 2276 ὁ

201 2305 235 2356 V.
248 2323 289 2356 ιι.
303 2340 327 2354 ..
339 2341 346 2355 .
356 2340 364 2352 .
373 2339 399 2356 ..
413 2305 518 2354 attonito
530 2304 611 2368 qualis
622 2304 685 2368 peda
694 2303 792 2368 prosilit
805 2307 851 2352 Ino

290 2396 321 2442 ln
326 2392 413 2458 stetu,
424 2409 469 2440 nec
473 2390 548 2456 parvi
555 2390 664 2439 meminit
673 2389 806 2438 conterrita
815 2391 884 2449 ιιαιι,

293 2479 369 2542 Quem
379 2488 457 2532 tenet,·
469 2487 603 2524 ιιινιιιιιιιι
616 2472 776 2540 aonjnxserit
783 2475 866 2523 irrines
877 2475 995 2526 Isthmon.

169 2581 270 2633 «Poeta
277 2581 385 2652 ,inquit
398 2579 571 2649 Wagnerns,
589 2575 710 2630 Medeam
726 2589 863 2648 comparat
878 2597 939 2632 cnm
958 2580 1060 2646 Inone,
1073 2584 1240 2642 Athamantis

168 2665 296 2736 conjuge,
305 2663 371 2736 qui,
384 2681 468 2736 ιιιιιιιιι
481 2681 496 2712 a
510 2661 637 2715 lunone'
629 2681 657 2714 ιιι
672 2660 789 2714 furorem
805 2672 880 2713 aetus
893 2675 971 2726 esset,
984 2682 1091 2718 uxorem
1102 2687 1150 2738 pro
1159 2669 1241 2727 lenna

74 2801 78 2808 ,
168 2748 285 2802 habitam
295 2759 469 2821 persequutus
483 2756 536 2798 eat:
550 2744 691 2818 eujnsiras
705 2743 843 2810 evitatura,
851 2744 935 2798 Furiis
951 2757 977 2799 et
993 2746 1047 2816 ipsa
1062 2749 1156 2820 agitata
1171 2755 1239 2830 lno

167 2834 196 2888 ιιι
213 2833 275 2890 sion
293 2851 386 2906 gerens
406 2831 518 2884 filiolum
533 2827 695 2882 Melicertnm
716 2831 796 2898 (nam
814 2829 943 2891 alterum,
961 2829 1109 2886 Learchum
1122 2838 1240 2908 ,paullo

169 2930 229 2971 ante
240 2916 368 2970 Athamas
383 2927 533 3010 correptum
548 2931 610 2968 saxo
628 2913 759 2975 alliserat,
773 2910 834 2966 vide
853 2931 947 2985 supra,
966 2914 1017 2981 ΙΙΙ,
1036 2917 1099 2986 68),
1113 2873 1146 2972 dd
1166 2939 1240 2976 mm

169 3001 336 3074 properarit,
352 3011 379 3051 et
393 3017 454 3052 cum
465 2998 522 3069 ipso
534 2996 666 3068 puerulo
658 3015 687 3048 m
702 3013 776 3048 mare
789 3014 816 3048 se
827 2997 987 3069 precipitem
999 2997 1072 3052 dedit
1085 3021 1100 3052 e
1110 3005 1238 3075 scopulo;

168 3103 227 3156 qua
242 3084 328 3138 omnia
346 3083 455 3136 uberius
473 3092 624 3134 narrantem
648 3079 757 3132 coneraia
769 3078 911 3146 Ovidium,
925 3077 1034 3134 Metam.
1059 3084 1107 3148 lV,
1129 3092 1180 3149 416
1199 3108 1239 3162 sq

168 3171 226 3222 Jam
241 3187 305 3222 vero
323 3165 401 3264 plana
420 3167 526 3228 omnia,
543 3166 682 3216 obscurius
702 3176 791 3216 tamen
806 3161 915 3229 ultima,
931 3181 958 3216 ι.
977 3165 1025 3227 ad,
1040 3167 1131 3220 extulit
1145 3185 1239 3240 poeta·

170 3267 304 3303 aerenum
316 3253 409 3317 conjnx
418 3249 513 3316 serit
503 3251 585 3299 irritus
598 3249 717 3298 Isthmon.
730 3247 919 3299 Burmannus'
911 3257 946 3300 tta
963 3248 1092 3320 explicat,
1111 3265 1142 3305 ut
1157 3255 1239 3309 Atha·

171 3348 285 3388 mantem
299 3333 333 3388 ad
346 3347 489 3387 extremam
500 3331 583 3384 litoris
594 3345 667 3384 oram
681 3329 842 3396 substitisse,
853 3341 879 3382 et
891 3331 998 3384 lurore'
990 3334 1079 3400 roasi,
1094 3336 1166 3408 quod
1179 3358 1240 3392 eva.

170 3420 232 3472 serit
241 3419 363 3471 manibus
376 3419 490 3490 oonjnx,
500 3414 614 3489 pedibus
627 3413 744 3488 pulsasse
753 3427 851 3466 terram
861 3415 1001 3469 existimet.
1013 3418 1079 3470 Mihi
1089 3432 1177 3474 autem
1187 3408 1241 3477 ila-

171 3503 250 3555 lerius
260 3501 444 3554 Athamantem
453 3499 491 3552 ita
502 3517 588 3570 prope
597 3497 661 3550 Inus
673 3497 786 3570 vestigiis
798 3497 961 3552 insistentem
973 3499 1076 3555 videtur
1089 3503 1240 3572 induxisse,

171 3596 199 3638 ut
212 3603 273 3639 ense
290 3584 394 3637 sublato
413 3584 497 3654 ipsam
513 3581 601 3636 adhuc
618 3594 726 3652 tangere
744 3593 822 3654 atque
837 3583 915 3636 ferire
932 3582 1066 3652 crederet,
1083 3586 1136 3641 ictu
1151 3604 1240 3645 tamen

172 3669 243 3722 inani
256 3669 285 3721 in
299 3681 444 3725 extremum
459 3667 596 3738 scopulum
610 3664 828 3719 debaccharetur.
840 3691 852 3712 ι

206 3798 240 3848 V.
254 3814 294 3865 ²9·
312 3799 403 3847 Velatis
421 3797 534 3846 cornibus
555 3808 580 3844 et
595 3795 653 3860 jam
672 3798 742 3843 Luna
763 3795 842 3844 versit.
856 3789 962 3844 -Haec
976 3791 1065 3863 imago
1083 3796 1172 3850 Diana·
1186 3819 1241 3871 prae

172 3877 330 3931 verecundia
340 3878 399 3930 velo
409 3889 486 3949 caput
501 3875 656 3930 obducentis
667 3875 804 3948 ,quamvis
817 3873 952 3947 jucunda,
963 3894 1016 3928 non
1030 3877 1167 3933 Heinsium
1176 3883 1240 3954 pla-

173 3979 230 4014 care
242 3963 343 4033 potuit,
354 3959 400 4032 ιιιιι
414 3958 572 4032 conjiciendi
582 3958 692 4012 libidine
701 3959 821 4030 pruriens
830 3959 953 4030 proponit
964 3962 1034 4011 elatis
1042 3966 1168 4026 cornibus,
1178 3978 1242 4021 tam.

173 4063 251 4115 qnam
262 4045 349 4098 Diana
358 4043 454 4097 talibus
465 4055 577 4107 assueta,
589 4044 658 4095 elato
668 4044 754 4114 capite
764 4044 886 4096 inviseret
896 4054 1037 4096 amantem.

210 4167 362 4220 v.35.1cea
375 4169 461 4217 timore
473 4169 545 4236 grani
556 4169 662 4216 mediam
674 4185 699 4216 se
712 4168 819 4218 immisit.
834 4199 866 4208 -
877 4167 971 4220 Varias
984 4167 1110 4221 lectiones
1124 4174 1241 4229 consule.

174 4247 260 4302 Lectio
270 4265 327 4302 ncta
336 4247 431 4301 melius
441 4246 614 4304 conveniebat
623 4266 684 4302 oum
696 4250 865 4319 sequentibus
875 4289 883 4314 ,
895 4254 999 4303 mediam
1008 4271 1033 4304 se
1042 4255 1140 4306 inmisit
1147 4278 1156 4316 ,·
1163 4277 1243 4330 quam

1061 4360 1109 4433 ιι.
