3192 5138
262 796 1035 931 ARGONAUTICON

423 1084 604 1162 arnan
643 1015 877 1208 Nonus,
950 1027 953 1040 ⁴

340 1321 433 1422 EX
476 1317 964 1446 APOLLONIO,

422 1583 745 1654 INTERPRETE
775 1584 871 1652 PIO.

456 1834 850 1868 ..ἥφθη-

164 2016 210 2118 N
212 2089 275 2133 unc
293 2065 391 2150 mihi,
410 2066 568 2156 Calliope,
591 2067 704 2156 primae
720 2069 796 2133 ratis
812 2092 889 2134 ausa
907 2072 1053 2156 canenti,

162 2183 361 2272 Erroresque
378 2181 471 2247 ducis
489 2184 614 2266 varios,
634 2183 818 2272 iterumque
834 2209 1021 2251 remensum

162 2297 298 2388 AEquor,
313 2315 347 2364 et
364 2298 502 2363 Adriaco
518 2299 667 2363 lustratas
686 2321 850 2362 marmore
867 2316 986 2383 terras,

162 2413 316 2502 Adspira:
335 2429 371 2476 tu
388 2412 454 2477 sola
477 2412 576 2476 deum
594 2413 733 2478 Pataraea
748 2429 913 2478 tenentem

162 2526 303 2593 Noscere
321 2550 418 2618 regna
436 2527 539 2609 vales,
561 2551 734 2615 sacrosque
752 2527 882 2592 haurire
900 2529 1057 2617 liquores;
1179 2551 1191 2588 s

162 2643 213 2706 'lu
228 2657 321 2730 potes
338 2621 463 2706 Aonios
481 2663 607 2705 mecam
622 2641 757 2705 lustrare
775 2629 929 2707 rec'essns.

204 2758 245 2821 At
261 2756 338 2846 vigil
352 2757 426 2848 igne
440 2757 548 2847 gravi,
562 2756 755 2847 scelerisque
769 2755 886 2846 agitata
899 2759 1030 2841 furore,

163 2873 292 2939 Colchis
308 2872 417 2953 adest;
434 2873 641 2959 lacerumque
658 2871 708 2935 sui
724 2889 821 2960 caput
835 2873 933 2962 impia
952 2876 1056 2940 lintris

162 2987 293 3068 Projicit
309 2987 343 3049 in
362 2985 498 3076 patriam
516 2985 648 3050 classem
663 3009 670 3049 ε
685 2984 838 3050 defixerat
855 2987 965 3052 hostes

162 3102 203 3167 Et
218 3123 290 3184 res,
303 3115 335 3166 et
352 3099 493 3181 novitas,
515 3099 661 3187 tantique
679 3100 804 3187 piacula
823 3101 977 3184 monstri,

161 3217 444 3306 Naufragiumque
466 3236 593 3291 recens,
612 3229 645 3277 et
661 3213 736 3277 visae
753 3215 866 3279 mortis
885 3215 1002 3306 imago.

161 3333 236 3397 Non
254 3331 332 3396 sinit
347 3331 503 3395 attonitos
527 3329 636 3420 regina
656 3329 839 3417 quiescere,
855 3345 887 3394 et
904 3353 1011 3396 acrem

160 3446 328 3512 Eductum
351 3441 465 3509 mediis
484 3444 678 3509 Acherontis
694 3443 830 3507 vallibus
848 3445 975 3534 ignem,

160 3565 411 3648 Ascensumque
428 3582 526 3648 super
541 3557 673 3648 magicis
689 3557 749 3646 p'er
763 3572 902 3621 transtra
917 3560 1050 3625 venenis

160 3676 293 3742 Hostica
307 3674 465 3755 conjecit:
486 3671 631 3764 flagranti
648 3671 778 3736 turbine
796 3673 892 3760 pinus

161 3792 293 3871 Deleta,
317 3789 352 3852 in
371 3788 495 3852 cineres
516 3787 687 3876 piceasque
704 3785 771 3850 abit
790 3802 859 3848 usta
881 3787 1012 3852 favillas.

162 3907 230 3970 Nec
246 3920 422 3989 conten-tus
441 3926 480 3966 eo
496 3902 625 3992 Stygius
643 3901 726 3990 rapit
740 3901 878 3988 aequoris
895 3899 979 3990 ignis

161 4021 311 4100 Viscera,
324 4035 358 4084 et
375 4017 555 4082 undantem
574 4009 741 4106 populant
753 4015 902 4080 incendia
920 4034 1079 4106 pontum:

162 4137 304 4202 Tantum
321 4135 449 4216 herbae,
469 4157 578 4215 mens,
594 4134 703 4224 lingua
722 4133 840 4214 valent,
851 4133 1061 4221 Hecataeaque
1077 4135 1189 4200 verba!

163 4251 320 4333 Adiuvat,
336 4266 369 4315 et
387 4251 482 4315 sociis
501 4249 627 4312 cinctus
646 4247 711 4312 dux
730 4247 902 4310 Thessalus
920 4224 1028 4337 urget,

1012 4387 1060 4429 ru.
