3150 5126
395 459 457 536 ²9⁰
829 433 1022 498 OllPllEl

427 569 639 654 Litoreosque
654 565 750 646 deos,
767 563 939 629 fluviorum
958 581 991 628 et
1007 565 1086 630 salsa
1103 563 1241 647 fluenta,
1417 585 1449 629 m

434 685 476 748 Et
494 683 586 747 fusco
603 697 702 745 terras
718 681 894 744 Saturnum
912 679 1002 744 crine
1017 697 1220 762 moventem,

433 799 685 884 Exstantemque
700 793 795 858 undis
804 841 821 876 ,.
832 793 873 858 ad
889 793 1069 873 juramenta
1085 795 1215 874 venire,

434 1025 567 1088 Deserat
581 1041 620 1088 ut
635 1023 744 1088 nullus
760 1045 951 1088 communes
969 1039 1044 1088 ante
1060 1023 1202 1104 labores,

434 1142 471 1204 ln
492 1139 591 1228 patria
608 1135 737 1202 rediens
753 1135 858 1200 donec
873 1137 914 1201 sit
934 1137 1072 1226 quisque
1088 1153 1245 1224 receptus.

423 1255 560 1320 ·l.aeserit
578 1270 611 1318 at
624 1251 834 1335 jurisjurandi
850 1250 968 1318 foedera
987 1251 1132 1340 quisquis
1417 1275 1447 1318 us

433 1369 575 1434 Numina
591 1381 804 1432 contemnens
819 1387 993 1454 superum,
1012 1380 1169 1430 testentur
1187 1365 1219 1428 in
1240 1365 1329 1430 illurn

433 1484 536 1547 Ultrix
551 1481 698 1563 lustitia,
717 1497 750 1544 et
765 1501 876 1568 poenas
894 1501 966 1567 qure
983 1479 1104 1568 prrebet
1120 1478 1291 1568 Erinnys.»

476 1599 551 1662 llaec
568 1619 651 1686 ego:
668 1611 748 1660 tunc
764 1617 899 1677 omnes,
916 1595 1058 1683 periuria
1075 1615 1216 1682 namque
1231 1593 1404 1674 timebant,

433 1709 607 1800 Adspirant
623 1723 727 1790 nutu,
745 1707 895 1772 manibus
916 1729 1049 1796 quoque
1063 1707 1110 1772 sic
1128 1709 1198 1772 fore
1213 1709 1350 1798 signant.

432 1823 540 1911 Atque
558 1821 614 1886 ubi
631 1843 840 1904 consensere,
857 1837 891 1887 et
903 1821 1087 1902 juramenta
1102 1819 1238 1902 dedere,
1418 1840 1447 1876 n,

431 1935 560 2000 Prosilit
575 1935 609 1998 in
627 1933 773 2000 medium
792 1935 880 2001 navis
898 1951 977 2002 tunc
993 1935 1140 2024 quisquis
1159 1935 1309 2016 aduneoe,

431 2050 620 2138 Ordineque
635 2049 773 2132 assedit,
795 2051 872 2140 juga
893 2051 1005 2116 subter
1022 2067 1055 2116 et
1075 2073 1163 2114 arma
1181 2049 1337 2139 ligabant,

429 2165 655 2253 Aptabantque
672 2185 787 2230 manus
803 2165 919 2248 remis;
935 2164 1029 2246 jubet
1045 2164 1099 2228 bic
1115 2187 1247 2252 quoque
1262 2163 1382 2253 Tiphys

431 2279 598 2344 Nexilibus
614 2279 743 2368 longam
759 2279 889 2344 chordis
905 2281 1097 2344 subnectere
1114 2281 1249 2362 scalam,

429 2395 505 2459 Vela
523 2394 598 2460 dare
614 2395 646 2458 in
663 2411 794 2475 ventos,
810 2411 974 2482 portuque
991 2395 1124 2460 avellere
1141 2396 1261 2462 sunem.
1413 2417 1444 2452 ³³2

427 2511 522 2574 Tunc
538 2509 633 2574 etiam
648 2507 772 2574 levibus
792 2509 896 2590 luno,
915 2509 1001 2574 Iovis
1018 2531 1116 2590 uxor,
1140 2509 1284 2574 eundum

431 2623 594 2716 Significat
610 2623 732 2705 ventis,
746 2624 951 2712 impulsaque
968 2625 1095 2713 navigat
1111 2628 1209 2714 Argo.

431 2745 473 2806 At
487 2757 660 2830 postquam
676 2761 784 2804 remos
799 2737 889 2805 haud
902 2739 979 2804 fessi
995 2755 1105 2804 mente
1121 2763 1285 2828 manuque

431 2857 589 2922 Exercent
605 2877 772 2946 proceres,
792 2871 825 2919 et
838 2877 982 2920 amarum
1000 2855 1159 2922 scinditur
1176 2880 1298 2944 aequor,

430 2971 569 3060 Spumea
585 2970 626 3034 de
640 2993 735 3060 prora
751 2968 913 3035 deferbuit
929 2967 1016 3033 unda
1032 2985 1225 3036 tumescens.
1408 2989 1442 3025 tta

478 3085 543 3150 Sed
558 3107 660 3174 quum
678 3107 771 3148 mane
788 3107 915 3148 sacrum
931 3107 1067 3174 surgens
1081 3087 1220 3174 aperiret
1231 3109 1292 3150 eoo

433 3201 565 3266 Oceano
583 3215 698 3280 terras,
716 3198 911 3287 jamjamque
928 3202 1053 3263 Aurora
1069 3200 1217 3283 ruberet,

432 3315 531 3379 Dulce
545 3313 716 3377 hominum
734 3313 842 3401 generi
858 3314 966 3377 lumen
988 3315 1177 3402 superisque
1193 3331 1374 3404 reportans,

430 3431 523 3492 'lunc
538 3447 606 3492 sese
625 3425 720 3490 nobis
739 3448 910 3491 nemorosa
925 3428 1110 3509 cacumina,
1133 3445 1164 3493 et
1182 3431 1253 3494 altis

360 3595 365 3610 .
429 3543 595 3630 liupibus,
612 3539 767 3606 umbroso
785 3540 827 3605 de
841 3541 979 3621 vertice,
999 3541 1110 3606 Pelion
1130 3543 1234 3608 offert.
1284 3583 1288 3590 ·
1406 3567 1440 3606 sss

431 3655 492 3722 llic
508 3672 642 3745 propter
657 3671 774 3720 terram
792 3655 914 3743 Tiphys
931 3669 1062 3720 temone
1076 3658 1210 3722 remisso

430 3771 616 3861 llemigibus
631 3769 726 3834 lentis
743 3769 863 3858 impelli
881 3771 1019 3850 jusserat
1036 3775 1133 3860 Argo.

429 3887 522 3949 Tunc
541 3906 677 3975 propere
697 3885 773 3948 litus
789 3884 1025 3973 contingimus:
1046 3885 1133 3950 baud
1153 3909 1261 3970 mora,
1271 3889 1352 3968 jacta

433 3997 481 4062 Ad
497 4014 612 4062 tenum
631 3997 730 4078 scala,
750 3999 851 4084 portis
868 3997 1024 4062 intramus
1041 4001 1162 4065 amicis.

430 4112 555 4200 Egressi
575 4112 691 4176 heroes
708 4111 826 4198 Minya·
843 4110 920 4174 dant
937 4113 1080 4176 membra
1099 4116 1209 4202 quieti.
1408 4133 1442 4182 ³t·
