3150 5126
502 497 872 566 ARGONAUTICA.
1154 501 1215 567 301
1240 533 1245 544 ·

194 633 276 718 Quae
290 632 394 714 volat,
411 647 444 696 et
457 631 577 720 Minyis
593 653 627 696 se
644 633 742 696 tristis
760 631 897 696 Erodios
912 632 1028 714 inlert;

192 747 250 812 Illa
268 746 388 812 dehinc
406 745 462 810 alis
480 745 563 811 circa
581 746 695 811 ultima
709 753 787 848 'saxa
802 747 911 810 levatis

193 864 335 946 Circuit;
351 878 400 927 ast
416 877 523 952 petras
540 883 703 928 concursu
719 878 853 927 mutuus
866 861 1003 926 horrens
1180 881 1219 934 ιφ

193 977 339 1066 Impetus
358 975 467 1054 allisit,
484 975 623 1041 volucris
641 999 715 1065 pars
729 975 843 1040 ultima
858 974 967 1040 caudae

192 1091 310 1155 Attrita
326 1106 391 1173 cst,
407 1090 592 1178 Minyseque
606 1090 692 1154 illam
712 1089 906 1155 clamoribus
922 1107 1052 1180 urgent.
1145 1095 1156 1118 ⁸

192 1205 317 1294 Tiphys
335 1205 393 1270 ubi
411 1204 510 1270 exitio
528 1205 693 1268 volucrem
708 1204 774 1284 jam
787 1203 869 1268 vidit
881 1203 1084 1294 ademptam,
1169 1283 1172 1290 .

194 1325 257 1388 Dat
275 1325 403 1413 signum
420 1322 523 1386 tacitis
541 1320 696 1386 heroibus
711 1344 719 1386 :
734 1321 825 1386 ocius
841 1343 955 1386 omnes

192 1438 329 1522 Accensi
346 1435 464 1502 lluctus
481 1437 546 1501 acri
559 1452 630 1501 turn
644 1435 765 1526 remige
780 1435 919 1524 pulsant.
1160 1456 1217 1507 -οφ
1347 1480 1350 1491 ,

192 1557 253 1618 Ast
270 1575 330 1642 ego
343 1549 458 1616 divinis
475 1552 616 1642 ingentia
632 1574 706 1616 saxa
724 1551 884 1615 Camoenis
1026 1621 1028 1626 ¹

192 1667 394 1752 Mulcebam,
411 1667 518 1732 subita
531 1666 585 1731 illa
602 1666 717 1755 procul
733 1664 881 1730 secedere
896 1666 971 1730 visa.

192 1784 288 1847 'suno
303 1781 508 1848 exundarant
521 1779 638 1847 lluctus
649 1832 658 1864 ,
671 1781 860 1870 sublataque
874 1783 986 1846 nostro

192 1897 341 1963 Carmine
357 1913 437 1962 tunc
448 1899 537 1986 Argo
552 1895 633 1960 vasti
650 1895 725 1960 tulit
740 1895 878 1983 equoris
894 1895 993 1960 unda.

237 2011 324 2100 Ergo
340 2011 397 2076 ubi
411 2011 476 2090 jam
494 2027 691 2100 transgressa
708 2011 782 2074 freti
798 2011 861 2074 fuit
876 2033 932 2074 ora
949 2011 1109 2076 tremendi
1175 2045 1213 2085 ,ω

192 2127 400 2214 Cyaneasque
417 2127 505 2216 Argo
523 2139 646 2213 petras,
660 2145 693 2188 se
706 2123 855 2212 protinus
868 2146 951 2214 aegre

192 2240 242 2304 Er
257 2239 324 2303 imo
338 2239 466 2304 stabiles
481 2254 664 2303 monstrant
678 2261 777 2327 super
792 2261 923 2326 aequora
939 2237 1058 2304 fundo:

192 2352 245 2417 Sic
259 2373 400 2441 namque
416 2375 434 2418 e
449 2345 561 2418 telrica
575 2352 748 2416 Parcarum
763 2351 834 2440 lege
848 2351 992 2431 jubetur.

190 2467 286 2530 Tunc
302 2465 401 2555 igitur
414 2465 494 2531 letlri
510 2465 613 2530 saturn
632 2465 757 2530 exitiale
773 2465 940 2548 timentes,

191 2581 348 2646 Coeruleas
363 2581 505 2670 petimus
521 2579 667 2645 Rhebani
686 2578 827 2644 fluminis
845 2579 959 2645 undas.
1035 2653 1041 2665 p
1173 2599 1212 2653 ,ος

191 2695 277 2762 Hinc
291 2696 406 2785 procul
422 2697 455 2760 in
471 2695 604 2786 longum
622 2711 729 2760 tractre
740 2694 928 2784 Thyneidos
942 2719 1015 2760 arva

190 2810 363 2875 Tembrius
378 2811 505 2902 irriguis
519 2809 635 2876 fluvius
652 2810 727 2875 lacit
741 2809 875 2874 humida
892 2810 980 2899 ripis.

192 2925 364 3016 Sangarius
380 2926 467 2991 subit
482 2925 560 2990 hinc
574 2925 693 2989 Euxini
708 2925 802 2990 litora
817 2925 958 3014 pulsans.

191 3039 250 3102 Ast
266 3037 311 3102 ibi
329 3039 462 3129 remigio
480 3037 579 3122 adjuti
599 3038 805 3104 consedimus
823 3060 894 3103 oras

191 3153 336 3235 vicinas,
347 3155 432 3243 Lyce
451 3177 582 3244 magne,
600 3153 672 3231 tibi,
687 3175 753 3242 quo
770 3155 903 3218 nomine
920 3157 1008 3245 genti
1174 3192 1213 3232 7¹0

191 3266 350 3354 Imperat,
364 3267 513 3355 amplexu
528 3267 584 3356 qui
599 3290 659 3331 nos
673 3267 708 3331 in
722 3283 807 3331 tecta
820 3268 942 3357 recepit

191 3381 260 3446 Rex
275 3381 395 3470 Lycus,
409 3398 442 3446 ct
453 3381 579 3470 Minyas
595 3379 676 3445 fovit
691 3381 788 3445 simul
803 3381 932 3471 hospite
947 3405 1075 3468 mensa,

191 3497 264 3584 lpse
280 3495 347 3562 dies
363 3513 540 3586 noctesque
557 3519 654 3562 suum
673 3511 806 3560 testams
824 3519 977 3562 amorem.

191 3611 254 3674 Hic
271 3633 403 3700 quoque
420 3613 519 3678 Parca
536 3611 619 3676 duos
637 3611 723 3676 Orco
745 3611 909 3676 damnavit
926 3613 1052 3702 iniqua,
1086 3643 1089 3650 ⁴

190 3724 394 3814 Idmonaque
403 3727 624 3816 Ampyciden,
641 3727 828 3814 clarumque
843 3748 901 3815 per
914 3749 1044 3815 aequora
1052 3731 1199 3822 Tiphyn;

191 3837 287 3903 lllurn
306 3838 457 3928 equidem
473 3839 580 3906 morbi
595 3840 642 3904 vis
658 3839 849 3927 intempesta
867 3841 1019 3928 peremit,
1173 3865 1213 3917 716

193 3955 251 4018 Ast
266 3976 343 4044 aper
359 3955 476 4020 occidit
492 3955 580 4020 ferus
599 3955 702 4034 hunc;
721 3977 781 4018 nos
795 3953 881 4034 justa
898 3957 1036 4045 sepulcri
1146 3965 1149 3974 '

190 4069 367 4148 Solvimus,
387 4085 420 4134 et
435 4092 529 4134 canas
545 4086 615 4134 turn
629 4068 747 4134 deinde
763 4069 960 4158 reposcimus
978 4069 1090 4136 undas.

192 4181 365 4248 Credimus
377 4185 493 4248 Ancaeo
509 4184 662 4272 puppim:
680 4203 754 4247 narn
770 4184 908 4272 quisque
925 4185 1111 4274 magistrum
