3124 5132
666 569 701 632 C.
725 569 921 633 VALEllll
950 571 1122 634 FLACCI

401 699 519 764 Debita
535 699 663 787 cognati
680 699 797 788 repetit
813 699 870 786 qui
884 700 1000 764 vellera
1012 699 1149 789 Phryxi,

400 816 469 880 Nec
486 835 576 878 nunc
593 813 688 880 laude
706 817 795 904 prior
813 816 958 904 generis,
978 837 1039 880 neo
1051 815 1221 904 sanguinis
1240 837 1387 903 usquam.

402 932 546 1020 Aspicis,
561 947 600 995 ut
614 931 741 1021 Minyas
755 931 842 996 inter
854 953 1069 1020 proceresque
1083 933 1207 1018 Cytteos
1390 953 1430 1002 ’,φ

400 1047 527 1112 Emicet
539 1048 715 1136 effulgens,
731 1049 926 1135 quantisque
938 1047 1073 1112 insultet
1086 1049 1221 1129 accrvis3

402 1163 444 1226 Et
457 1163 522 1242 jam
537 1163 607 1227 vela
621 1162 728 1245 dabit,
742 1163 807 1242 jam
823 1163 919 1228 litora
937 1177 1046 1227 nostra
1062 1163 1244 1251 relinquet,

401 1277 571 1342 Thessalioe
587 1278 688 1342 felicis
707 1299 801 1366 opes,
819 1275 1001 1365 dilectaque
1016 1279 1147 1367 Phryxo

403 1394 490 1456 Rura
506 1409 638 1481 petens;
655 1408 706 1456 eat
724 1407 821 1479 atque
839 1391 985 1474 utinam,
1002 1409 1197 1481 superetque
1215 1393 1358 1458 labores!
1375 1431 1386 1448 υ

401 1509 544 1573 Tantum
563 1509 677 1592 effata,
695 1508 796 1596 magis
816 1509 938 1597 campis
957 1507 1126 1573 intendere
1146 1507 1278 1590 suadet,
1392 1535 1397 1564 t
1400 1545 1433 1567 ·····

401 1625 488 1690 Dum
505 1621 613 1704 datur,
629 1621 845 1711 ardentesque
862 1625 922 1688 viri
936 1647 1126 1713 percurrere
1139 1647 1274 1715 pugnas.

446 1740 490 1802 At
505 1737 603 1800 simul
621 1733 705 1800 hanc
721 1735 834 1818 dictis,
852 1737 944 1802 illurn
961 1737 1020 1802 dea
1036 1755 1137 1802 marte
1155 1739 1299 1803 secundo

405 1851 554 1938 Impulit,
571 1866 669 1939 atque
684 1871 783 1914 novas
800 1853 864 1939 egit
883 1851 944 1915 sub
963 1869 1092 1939 pectora
1109 1854 1202 1917 vires.

407 1967 474 2030 Ora
492 1966 553 2031 sub
570 1967 695 2030 excelso
709 1954 775 2046 jam
794 1965 920 2031 dudum
938 1970 1057 2032 vertice
1071 1971 1146 2034 coni

407 2081 494 2145 Saeva
512 2082 650 2162 micant3
669 2103 834 2169 cursuque
848 2079 1003 2164 ardescit,
1024 2105 1084 2148 nec
1101 2083 1180 2166 tibi,
1198 2083 1311 2166 Perse,
1395 2105 1435 2138 tm·

407 2195 439 2259 N
440 2217 477 2260 ec
490 2191 566 2276 tibi,
580 2196 687 2284 virgo,
698 2195 784 2274 jubae
797 2195 930 2262 laetabile
944 2196 1033 2261 sidus
1047 2197 1194 2278 Achivae,

408 2314 493 2376 Acer
504 2324 541 2372 ut
553 2310 703 2373 autumni
715 2311 820 2392 canis,
831 2313 980 2400 iratoque
990 2313 1094 2377 vocati

410 2429 460 2494 Ab
471 2430 549 2494 Jove
560 2427 671 2494 fatales
682 2427 723 2492 ad
736 2451 835 2518 regna
843 2431 962 2511 injusta
974 2445 1116 2496 cometae.

409 2544 479 2608 Nec
492 2566 549 2608 sua
561 2543 736 2608 Crethiden
750 2543 843 2607 latuit
855 2543 929 2626 dea,
941 2545 1073 2634 vimque
1085 2561 1246 2611 recentem

400 2747 455 2808 594.
469 2745 641 2806 Laudepteeor.
653 2743 730 2792 vitto.
748 2747 839 2792 Bonon.
858 2745 930 2794 codd.
946 2747 1037 2794 Bonon.
1054 2749 1064 2794 l
1086 2757 1111 2794 et
1132 2749 1162 2794 ll.
1181 2753 1244 2797 lant.
1257 2751 1309 2797 Ald.
1324 2754 1371 2798 uec
1384 2771 1441 2800 son·

368 2827 435 2884 quine
449 2828 581 2890 quisquam.
590 2823 666 2870 Vatis.
681 2825 771 2870 Bonon.
788 2823 858 2872 codd.
875 2835 899 2872 ct
912 2825 966 2872 edd.
982 2837 1037 2874 ante
1051 2828 1195 2875 carrionem.
1215 2856 1244 2866 —
1264 2831 1317 2893 596.
1339 2833 1440 2878 Eminet,

370 2907 460 2951 Bonon.
474 2903 527 2950 cod.
547 2930 572 2940 -
592 2901 646 2950 603.
663 2903 751 2950 Intulit.
761 2905 866 2950 vatican.
884 2913 908 2950 et
925 2907 1014 2952 Bonan.
1031 2906 1131 2953 codices.
1151 2911 1240 2954 Bonon.
1256 2910 1266 2956 l
1283 2921 1307 2956 et
1324 2911 1354 2956 ll.
1372 2914 1440 2958 lunt.

369 2985 454 3031 Meter.
466 2981 566 3046 Impulit.
582 2983 634 3029 lam
650 2983 735 3030 sabell.
747 2983 790 3028 En.

371 3153 483 3214 Cytaeos,
496 3145 625 3210 Colchos,
639 3150 728 3198 emicat
738 3145 860 3216 effulgens
872 3170 882 3208 ,-
963 3145 1025 3207 604.
1042 3147 1092 3194 oia
1103 3163 1185 3204 sceva,
1197 3143 1272 3196 dirus
1283 3145 1388 3206 vultus,
1398 3153 1444 3196 snb

370 3227 399 3292 4⁰
417 3227 453 3278 ob
468 3223 670 3278 fortitudinem:
693 3229 791 3294 quantis
809 3227 885 3278 insul·
928 3227 1028 3276 excelso
1032 3225 1089 3291 jam
1099 3225 1192 3274 dudum
1206 3227 1299 3274 uertice
1308 3226 1365 3274 cotti
1371 3263 1379 3286 ,
1392 3225 1444 3278 sul»

370 3321 408 3358 tat
425 3309 533 3358 aconis!
546 3318 611 3377 quot
626 3303 741 3358 hostium
754 3324 803 3378 per
817 3317 884 3360 stra·-
930 3303 1021 3374 galea,
1039 3306 1300 3370 micuerot5cursttque
1313 3308 1439 3366 ardescit,

373 3403 419 3457 ges
433 3385 519 3440 victor
532 3383 644 3438 incedit!
931 3383 1018 3435 acrius
1039 3381 1151 3434 intendit
1171 3401 1297 3445 cursum,
1318 3403 1364 3434 nec
1387 3387 1443 3444 tibi,

410 3464 592 3534 597.Tandetn
600 3461 718 3518 incendii
725 3463 841 3533 eo,quod
850 3475 885 3516 to·
931 3467 1019 3521 Perse,
1029 3481 1075 3513 nec
1084 3465 1127 3512 tibi
1132 3501 1140 3522 ,
1155 3465 1228 3532 virgo
1236 3502 1243 3524 ,
1251 3467 1321 3532 juboe
1331 3466 1443 3522 Atltivoe,

373 3545 407 3600 lis
417 3544 466 3598 viri
475 3563 552 3597 usum
567 3541 637 3596 dicat
649 3543 756 3597 brevem
769 3543 888 3596 futurum
932 3541 1016 3594 criste
1028 3538 1054 3592 in
1071 3542 1163 3612 galea,
1180 3545 1284 3594 loetabiie
1297 3545 1379 3602 sidus,
1394 3543 1445 3596 tri·

373 3642 444 3678 este:
455 3627 576 3691 moxjam
588 3626 650 3676 veta
660 3626 741 3685 dabit,
755 3626 888 3676 Thessalia.u
934 3621 983 3674 etia
995 3621 1083 3692 potius
1096 3619 1266 3692 portendens.

372 3724 442 3772 opes,
453 3701 619 3756 Thessaliam
632 3704 801 3774 opulentam,
811 3721 887 3774 repe·
968 3703 1029 3768 607.
1037 3705 1255 3752 Acerotaummni
1263 3705 1342 3760 canis,
1349 3699 1445 3766 Sirius,

372 3783 475 3839 titur-iu.
493 3781 573 3848 Quod
591 3794 621 3834 ut
636 3781 713 3834 bonis
736 3783 829 3834 ovibus
850 3781 888 3833 sa·
932 3790 957 3832 et
978 3793 1075 3830 cometoe
1097 3781 1128 3828 ab
1146 3785 1206 3831 Jove
1228 3783 1289 3830 irato
1305 3784 1391 3832 vocati
1410 3786 1449 3832 nd

371 3861 438 3924 ciet,
459 3872 534 3932 optes
557 3879 671 3914 mecum.
696 3861 794 3914 Fruere
809 3859 887 3930 igitur
932 3877 1012 3926 regna
1039 3860 1130 3925 injusta
1157 3858 1308 3928 punienda,
1327 3859 1446 3928 fatales,

374 3943 431 4014 ejus
446 3939 591 4011 adspectu,
603 3938 670 3991 dum
679 3939 747 3992 licet.
933 3937 1052 4010 tyrannis
1065 3937 1208 4011 pernicicm
1223 3938 1383 3992 minitantes.
1397 3937 1453 3992 Ea·

406 4024 469 4074 fioa.
488 4020 520 4070 At
531 4035 609 4080 vero,
623 4017 661 4070 uti
679 4015 803 4070 Medeam
816 4023 886 4068 luno
934 4015 994 4070 dem
1008 4018 1170 4088 comparatio
1182 4029 1220 4072 est
1230 4019 1369 4089 supro,V‚
1382 4021 1446 4090 369.

371 4097 466 4161 dictis,
486 4098 521 4149 ita
535 4097 661 4148 Jasonem
673 4111 750 4148 inerte
762 4100 887 4156 secundo,
967 4100 1028 4164 609.
1040 4101 1092 4148 Nee
1107 4117 1153 4148 sua
1166 4101 1308 4156 Crethiden,
1321 4105 1448 4152 Iasonem

369 4175 440 4228 felici
454 4175 650 4237 certaminum,
669 4193 727 4247 quse
747 4175 887 4246 hucusque
932 4175 1003 4244 (vid.
1015 4177 1083 4228 Tnh.
1102 4178 1271 4248 genealog.),
1288 4181 1360 4230 latuit
1378 4183 1447 4240 deo,

372 4254 483 4316 inierat,
503 4267 616 4318 eventu,
632 4257 739 4324 impulit,
756 4271 830 4326 atque
844 4277 887 4308 no·
931 4256 1012 4308 sensit
1026 4274 1082 4308 enm
1101 4255 1149 4306 sibi
1167 4255 1276 4319 adesse,
1289 4257 1401 4320 lavere,
1417 4281 1451 4310 ac

371 4353 414 4384 vos
424 4335 474 4400 egit
484 4335 525 4382 sub
535 4346 634 4398 pectora
644 4337 718 4386 vires.
934 4355 958 4384 st
972 4353 1042 4402 snper
1055 4337 1157 4402 agmina
1170 4339 1244 4395 tollit,
1261 4347 1366 4388 tnuuun
1382 4339 1449 4390 etui-
