3266 5132
355 557 417 635 248
525 557 607 620 Plo
635 557 881 639 AUCTORE,
906 555 1262 622 stPPtEstEn'TA

398 695 511 754 Aretes
527 711 634 778 genua
649 689 869 778 ampiexuque
883 706 916 754 et
929 691 1076 778 supplice
1093 689 1208 754 dextra

399 805 532 894 nerim
549 805 672 894 nno,
691 806 791 893 ruis
810 829 870 894 rer
884 807 967 870 00112
979 805 1115 894 murs-

441 917 611 998 -Adsis,o
628 920 757 1008 regim,
772 919 873 999 mihi,
889 919 1084 1008 placidoque
1097 919 1208 983 lavore

399 1031 554 1122 Adspira,
564 1031 769 1122 genibusque
787 1034 852 1096 tuis
871 1033 1022 1098 miserere
1034 1034 1150 1122 puelle

399 1144 578 1232 Supplicis,
602 1159 701 1232 atque
717 1143 788 1208 fero
805 1169 847 1208 ne
861 1169 929 1228 me,
948 1169 1045 1235 rogo,
1062 1145 1145 1210 dede
1159 1147 1296 1235 parenti.
1400 1123 1437 1200 ‚sv

399 1262 468 1324 Scis
484 1261 605 1324 etenim
622 1277 784 1348 quanmm
799 1264 902 1326 errori
920 1277 1145 1350 quantumque
1158 1263 1280 1351 periclo

401 1377 505 1441 Obvia
521 1376 563 1440 sit
582 1377 718 1440 mulier:
733 1399 804 1440 mea
818 1393 898 1440 tunc
914 1376 1091 1466 praeordia
1104 1379 1206 1442 morit

401 1493 500 1556 Dirus
516 1515 619 1572 amor,
638 1491 815 1556 vehemens
828 1509 862 1555 et
879 1517 953 1581 qna
969 1509 1080 1558 movet
1096 1493 1209 1556 omnia
1224 1491 1380 1580 Erinnys,

403 1608 479 1672 Non
493 1609 605 1670 furor:
619 1608 685 1672 hoe
703 1629 823 1672 novere
838 1610 923 1672 faoes
937 1609 1134 1697 Hypo-ionis
1149 1608 1244 1690 atri,

402 1724 569 1809 Tectaque
587 1721 762 1810 noctivage
779 1721 948 1788 Perseidos
961 1724 1051 1812 orgia
1063 1721 1155 1788 dire.
1401 1737 1425 1774 ³·

403 1837 619 1926 imprudens,
635 1838 762 1928 regina,
778 1837 911 1920 dnoem,
930 1839 1167 1928 peregrinaque
1185 1838 1274 1901 navis

403 1956 555 2018 Transtra
568 1953 657 2034 subi,
671 1953 768 2017 tristis
781 1971 899 2042 stupor
912 1953 981 2016 bec
997 1954 1176 2041 persuasit,
1193 1953 1398 2040 Erinnysque

402 2069 538 2156 Impulit
552 2068 586 2132 in
604 2069 728 2132 facinus
741 2092 749 2132 :
762 2065 935 2156 prudentia
948 2067 1053 2132 deluit
1069 2067 1163 2132 orsis.

404 2186 480 2249 Non
497 2207 590 2248 secus
604 2207 643 2248 ac
658 2185 806 2248 thalamis
823 2186 948 2248 fireram
962 2183 1132 2272 impolluta
1151 2183 1308 2271 paternis,

403 2299 516 2363 Talem
534 2323 587 2362 me
603 2316 709 2363 mstus
722 2317 851 2386 semper
866 2297 1004 2361 serravit
1017 2299 1124 2362 lason.
1403 2308 1428 2348 ³⁵

405 2415 447 2476 At
464 2409 648 2476 veneranda
660 2411 743 2492 mei,
756 2412 1051 2498 quaeso,‚miserere
1067 2411 1208 2494 doloris,

403 2531 558 2594 Fortuna
576 2528 727 2592 miserere
743 2549 846 2592 mee:
868 2541 904 2591 tu
920 2525 993 2593 dira
1011 2529 1164 2592 maritum

404 2647 528 2725 Flecte,
551 2659 644 2732 potes
659 2659 766 2706 certe:
788 2641 869 2731 qnid
887 2643 974 2706 enim
994 2665 1062 2708 non
1078 2643 1174 2708 unies
1191 2641 1320 2732 possis?

409 2761 462 2824 Sic
477 2761 536 2824 tibi
551 2759 585 2823 di
601 2759 677 2824 felix
689 2781 810 2840 aevum,
827 2758 933 2821 felicia
949 2781 1050 2848 regna

406 2879 513 2959 Dent,
530 2875 650 2956 decus,
670 2891 703 2938 et
720 2891 834 2956 natos,
858 2891 891 2938 et
909 2873 1006 2938 nullis
1022 2889 1149 2962 secptra
1163 2873 1326 2964 periclis».
1404 2891 1430 2934 to

449 2991 538 3054 Talia
552 3012 629 3054 eum
645 2989 793 3078 lacrymis
812 2988 927 3052 Medea
948 3005 981 3052 et
992 2989 1139 3078 supplioe
1155 2986 1265 3052 dextra

404 3101 575 3168 Fundebat
590 3103 699 3166 faciles
715 3103 833 3192 reginae
850 3102 937 3166 mitis
956 3101 998 3166 ad
1010 3125 1115 3168 aures.

403 3219 458 3282 Nil
469 3235 579 3283 aetum
595 3233 703 3282 tamen
721 3217 789 3306 ipsa
805 3233 941 3308 putans,
959 3219 1033 3282 licet
1047 3219 1159 3284 omnia
1171 3235 1265 3284 eante

403 3333 548 3413 Curarit,
565 3333 680 3396 Graios
696 3331 801 3396 verbis
816 3334 863 3396 sic
879 3334 1000 3397 mulcet
1016 3333 1149 3398 amicis:

446 3449 607 3528 1Heroes,
618 3462 755 3536 augusta
769 3445 905 3528 cohors,
920 3445 1099 3535 divumque
1115 3469 1277 3536 propago,
1404 3463 1429 3506 ts

404 3564 534 3626 Servate
548 3559 764 3642 incolumem,
783 3583 856 3647 quae
871 3583 929 3624 ros
948 3561 1086 3625 servavit
1104 3561 1145 3625 ab
1163 3561 1257 3626 hoste

404 3676 607 3758 Incolumes,
622 3699 695 3764 quae
711 3691 828 3740 cuneta
841 3673 951 3758 dedit,
970 3699 1042 3764 quie
1057 3691 1174 3741 cuneta
1186 3676 1317 3765 reliquit

406 3790 576 3870 Parrhasio
592 3792 721 3880 genitor
736 3791 826 3854 dives
848 3813 920 3878 qun·¹
934 3789 1078 3880 possidet
1094 3793 1187 3859 orbe.

403 3907 462 3970 liis
477 3905 580 3970 oculis
589 3953 600 3985 ,
622 3907 779 3992 inquam,
792 3904 842 3968 his
861 3905 981 3990 oculis,
997 3908 1105 3996 sopire
1121 3905 1296 3972 draconem

401 4000 536 4084 Vidistis
554 4041 625 4084 mee
641 4019 740 4082 verba
757 4019 881 4099 lerum,
898 4019 1118 4108 spirantiaque
1132 4043 1189 4084 ore
1407 4035 1432 4074 ⁵·

402 4135 585 4198 Taurorum
601 4150 739 4198 aeternos
756 4135 864 4222 ignes,
882 4135 1083 4224 restinguere
1098 4135 1202 4200 suocis

400 4249 586 4314 Herbarum
605 4249 759 4337 magicis,
777 4271 943 4336 curvoque
956 4249 1132 4339 adjungere
1149 4267 1272 4332 aratro5
