3192 5138
370 569 803 654 ARGONAUTICON,
833 574 925 637 tle.
948 571 1010 634 lx.
1168 561 1230 628 235

208 703 247 766 Et
263 702 363 766 tristis
385 701 500 768 Medea
516 703 631 768 simul:
652 706 857 770 sennonibus
875 706 963 768 horoe
1195 709 1233 756 ²⁴⁵

208 819 384 882 Ducuntur
402 818 518 900 variis,
535 818 586 884 his
602 821 767 909 proxima,
782 821 846 886 filia
860 819 945 904 Solis

209 935 359 1016 Nomen,
376 948 409 998 et
424 933 540 998 insano
555 936 689 1000 tolerata
703 936 844 1024 pericula
857 950 962 1023 ponto

210 1049 349 1132 Quaerit,
368 1064 401 1112 et
413 1048 505 1113 haud
518 1071 638 1118 vanum
652 1065 746 1139 putat
761 1050 905 1115 evenisse
918 1067 1090 1137 soporem,

208 1164 250 1228 Et
267 1163 351 1252 nigri
368 1163 537 1228 simulacra
557 1162 609 1228 dei
623 1187 632 1245 ;
646 1165 735 1252 cupit
750 1166 821 1253 ipsa
835 1161 998 1252 loquentis

209 1279 364 1367 Excipere
382 1277 523 1343 alternos
539 1275 794 1344 sonitustticat
811 1281 904 1368 ignea
920 1297 1050 1344 versans
1184 1284 1233 1372 ¹²⁵⁰

208 1394 348 1458 Lumina
363 1392 527 1481 virgineus
543 1390 663 1480 pudor,
683 1383 890 1481 erroremque
906 1391 1037 1457 fatetur.

208 1508 294 1571 Tum
311 1527 413 1594 genus
427 1529 446 1570 a
462 1506 585 1572 Phoebo
602 1508 669 1572 visa
687 1523 753 1590 est,
769 1507 1002 1594 manifestaque
1019 1504 1136 1594 proles.

211 1619 310 1710 Virgo
326 1620 423 1684 maris
436 1621 575 1684 narravit
591 1622 662 1703 iter,
677 1621 788 1685 metita
805 1619 929 1686 labores

210 1735 395 1824 AEquoreos
409 1757 506 1800 sacrae
519 1736 658 1823 puppis,
677 1737 846 1824 variosque
864 1751 1005 1815 meatus,

209 1851 298 1916 Voce
313 1867 441 1939 patrem
456 1851 616 1931 referens,
630 1851 774 1916 formoso
790 1873 927 1939 corpore
941 1863 1095 1929 matrem3
1197 1859 1233 1899 ²⁵⁵

211 1966 418 2032 Barbaricum
434 1945 534 2031 ueluti
550 1967 668 2055 pavido
686 1985 809 2033 terrore
822 1983 1008 2057 parentem,

210 2080 363 2164 Insidias,
382 2083 561 2171 tacitosque
577 2083 670 2170 dolos
683 2085 832 2150 vitaverit
848 2099 940 2159 astu,

210 2199 327 2262 Juncta
342 2198 412 2262 viro
433 2221 533 2287 quem
549 2199 645 2287 stirps
664 2199 789 2263 extollit
804 2198 891 2288 regia
905 2197 1014 2261 Graio.

211 2313 341 2403 Absyrti
359 2335 425 2378 non
445 2337 521 2378 ausa
535 2330 642 2378 tamen
657 2312 799 2378 crudelia
815 2313 874 2377 fari

204 2431 368 2515 Vulnera,
384 2448 417 2497 et
433 2432 474 2497 ad
489 2455 593 2498 sacras
611 2448 748 2496 stratum
762 2430 937 2495 crudeliter
952 2451 1031 2492 aras.
1197 2437 1235 2476 πᾶν

212 2546 284 2634 lpsa
300 2563 408 2612 tamen
424 2547 528 2612 tacitis
545 2563 755 2636 praesenserat
772 2545 881 2611 omnia
901 2544 992 2608 Circe

213 2661 300 2724 Dum
316 2661 435 2726 titubat
455 2662 570 2727 Medea
585 2663 688 2743 notis,
705 2679 737 2727 et
756 2660 892 2725 fluctuat
905 2681 963 2724 ore

213 2774 313 2864 Virgo
329 2775 531 2858 verecundo,
545 2776 626 2840 dum
642 2792 735 2840 terra
753 2775 869 2864 quaerit
883 2773 1001 2837 hiatus.

217 2885 279 2950 Sed
299 2903 406 2952 tamen
423 2889 474 2952 his
492 2890 636 2978 nymphe
652 2889 758 2956 flentis
775 2889 923 2954 miserata
937 2885 1066 2951 dolores

102 3039 109 3052 ·
214 3001 415 3090 Alloquitur:
431 3005 477 3068 sic
493 3005 581 3094 cogit
596 3027 698 3087 amor,
716 3006 764 3070 sic
779 3005 891 3069 incitat
907 3005 975 3067 ira:
1199 3011 1238 3051 ²⁶⁵

257 3145 270 3170 a
282 3115 371 3180 Proh
386 3117 556 3182 miseram!
574 3119 630 3207 qui
649 3120 753 3207 turpis
770 3141 861 3184 amor
872 3118 885 3183 Ρ
898 3139 971 3206 quae
985 3113 1085 3180 tristis
1097 3109 1237 3197 Erinnys

213 3231 349 3320 Impulit
363 3232 398 3296 in
411 3232 537 3298 facinus
550 3235 702 3300 tantum?
715 3235 794 3324 quid
810 3233 940 3300 credula
951 3232 1043 3320 virgo
1137 3263 1141 3274 ·

215 3343 356 3432 Sperasti
371 3349 470 3434 patris
488 3349 559 3412 irati
573 3350 643 3413 fore
662 3341 786 3414 numen
796 3347 965 3414 inultum?

215 3459 309 3522 Certe
327 3458 447 3544 aderit,
465 3485 525 3526 nec
541 3462 637 3553 longa
655 3486 743 3527 mora
762 3480 826 3546 est,
843 3485 947 3551 quum
964 3475 1089 3548 sceptra
1107 3455 1239 3543 Pelasga

215 3571 345 3656 Diruet,
365 3598 403 3641 ac
425 3576 564 3666 pedibus
582 3579 874 3646 calcabitadultera
896 3578 993 3659 colla,
1200 3601 1238 3639 ²7⁰

216 3687 351 3754 Ulturus
370 3692 502 3780 natique
520 3714 649 3775 necem,
673 3713 827 3780 saevaque
843 3689 963 3754 sororis

219 3802 385 3887 Dedecus,
409 3823 442 3870 et
457 3808 576 3896 Phryxi
593 3808 757 3873 sublatum
774 3806 909 3896 turpiter
925 3825 1053 3866 aurum.

217 3917 304 3982 Cede
321 3941 396 4009 age,
415 3937 448 3984 et
466 3922 576 3987 infelix
592 3938 705 3988 nostro
719 3922 835 4011 procul
850 3918 930 3984 orbe
945 3918 1083 3998 facesse,

219 4034 372 4123 Argolicis
388 4034 539 4102 famulata
556 4039 650 4105 viris:
668 4055 721 4103 eat
732 4040 793 4103 iste
806 4052 995 4126 protervus,

220 4149 327 4231 Quem
343 4149 402 4215 tibi
421 4149 573 4241 ¹conjugio
591 4153 689 4242 patris
704 4153 773 4218 sine
789 4152 908 4218 foedere
923 4149 1057 4232 junxti».
1201 4167 1239 4220 27⁵

263 4264 314 4330 Sic
328 4265 388 4330 ait:
406 4265 474 4352 illa,
492 4269 578 4357 gravi
592 4266 784 4347 jamdudum
802 4288 954 4357 oppressa
969 4264 1100 4346 dolore,
