3150 5126
340 492 401 558 350
720 493 1023 558 CATALOGUS

341 632 396 678 tur
414 612 568 694 Cometce,
597 614 721 702 dequo
749 614 822 680 vide
845 632 1116 682 commentatores
1136 615 1177 682 ad
1191 617 1259 683 vat.
1279 621 1324 684 tu.
1346 622 1366 686 l.
1383 623 1411 686 l.

342 719 488 808 Hyginus
501 720 588 783 solus
604 718 664 806 ipsi
677 718 733 782 dat
743 719 910 806 Pymmum
922 737 1062 809 patrem,
1079 723 1136 809 qui
1148 723 1221 810 quis
1233 724 1289 806 sit,
1307 704 1410 815 igno·

340 839 448 903 ratur;
473 840 506 888 ct
528 825 619 888 locus
643 825 713 888 sine
738 823 840 888 dubio
861 841 1035 914 corruptus
1052 842 1111 890 est.
1138 826 1228 892 ldem
1253 831 1409 920 Hyginus

340 931 475 996 alterum
493 933 661 996 Aster'iona
675 947 846 1012 memorat,
860 931 1024 1020 Hyperasii
1041 931 1163 1015 filium,
1179 934 1310 1000 fratrem
1323 939 1409 1001 Am-

340 1037 489 1124 phionis3
508 1035 564 1102 sed
582 1037 634 1102 ille
651 1039 790 1102 Asterius
802 1037 984 1114 vocandus,
1004 1055 1043 1103 ut
1057 1038 1238 1106 videbimus
1253 1064 1343 1124 mox,
1367 1059 1407 1108 et

339 1164 437 1230 supra
450 1142 514 1222 jam
531 1141 749 1230 iuArrphiorte
759 1141 947 1223 docuimus,
960 1141 1018 1206 ubi
1032 1141 1073 1211 de
1084 1143 1213 1208 Pellene
1228 1145 1278 1210 vel
1291 1146 1406 1211 l’eline

339 1270 453 1311 eorum
472 1247 572 1336 patria
590 1247 723 1336 egimus.
742 1247 840 1336 Apud
862 1249 1029 1337 Hyginum
1044 1249 1140 1314 etiem
1164 1273 1225 1338 pro
1246 1251 1402 1336 Pyremo,

341 1353 456 1440 Pyreto
475 1353 605 1417 rescribi
624 1369 752 1441 posset,
768 1376 834 1440 quo
850 1355 982 1420 nomine
1006 1355 1041 1418 in
1061 1377 1171 1444 pugna
1190 1356 1402 1444 Lapitharum

338 1476 372 1524 et
390 1459 624 1524 Centaurorum
648 1459 762 1546 aliquis
785 1475 982 1524 memoratur
1006 1459 1094 1548 apud
1119 1461 1295 1543 Ovidium,
1320 1463 1401 1528 Met.

338 1564 394 1630 lib.
406 1565 485 1646 llll,
499 1567 573 1649 449.
584 1561 647 1629 Sed
658 1563 726 1628 hec
736 1562 945 1630 incertissima
957 1588 965 1630 ι
977 1565 1030 1630 elii
1043 1565 1129 1662 apim
1141 1589 1256 1630 omnes
1269 1567 1403 1634 Cometoe

341 1669 441 1736 filium
462 1671 600 1752 faciunt,
618 1687 656 1735 ut
671 1669 861 1752 Pausanias,
876 1669 932 1736 lib.
946 1671 984 1753 V,
1001 1694 1049 1758 ¹7·
1070 1671 1206 1738 Comme
1219 1673 1315 1738 etiam
1328 1696 1401 1738 me·

340 1793 486 1842 moratur
498 1776 584 1842 inter
593 1775 742 1864 lapithas
756 1775 892 1856 Ovidio,
911 1777 1007 1850 xm,
1020 1778 1099 1860 2843
1115 1799 1155 1840 an
1175 1777 1261 1844 idem
1273 1779 1326 1844 ille
1340 1779 1400 1860 sit,

340 1905 407 1947 non
421 1879 525 1946 audeo
538 1881 713 1961 affirmare3
728 1901 788 1944 nec
801 1880 895 1946 etiam
912 1903 953 1944 an
970 1881 1024 1946 ille
1038 1879 1189 1962 Cometes,
1206 1883 1298 1963 cujus
1315 1881 1402 1948 filius

338 1985 499 2052 Sthenelm
520 1985 651 2066 Troiani
676 1984 751 2050 belli
774 2001 920 2073 tempore
944 1985 985 2050 ab
1008 1986 1178 2052 Etutathio
1199 1988 1333 2053 affertur
1358 1988 1401 2052 ad

339 2093 473 2180 Dionys.
487 2092 608 2180 Perieg.
622 2091 706 2173 484,
723 2090 780 2178 qui
792 2089 953 2155 Sthenelus
967 2090 1111 2156 diversus
1130 2107 1179 2156 est
1190 2093 1231 2156 ab
1248 2093 1303 2157 illo
1315 2093 1401 2158 Her·

339 2197 421 2262 culis
433 2195 551 2259 comite
563 2194 596 2258 in
613 2193 816 2282 expeditione
837 2195 1027 2276 Amtzonie,
1047 2197 1173 2260 Actoris
1189 2195 1276 2278 lilio,
1300 2221 1401 2285 quem

338 2301 459 2368 Noster
484 2315 642 2364 memorat
667 2298 722 2364 lib.
735 2299 774 2382 V,
798 2321 841 2386 90
866 2299 942 2386 (ubi
966 2299 1039 2366 vide
1058 2301 1190 2390 notas),
1215 2317 1249 2368 et
1272 2303 1313 2368 ab
1334 2304 1400 2368 alio

339 2406 447 2472 Persei
465 2420 498 2470 et
510 2401 722 2468 Andromedae
741 2402 823 2484 filio,
839 2403 927 2492 apud
948 2405 1053 2471 Schol.
1070 2405 1249 2494 Apollonii,
1267 2408 1300 2488 l,
1318 2411 1399 2494 747.

339 2513 445 2578 Mater
468 2511 639 2574 Asterionis
664 2508 705 2574 ab
734 2509 865 2598 Hygino
892 2507 1010 2572 dicitur
1032 2511 1198 2595 Antigona
1208 2557 1220 2589 ,
1252 2510 1400 2578 Pheretis

337 2619 419 2699 lilia3
433 2615 523 2705 quod
543 2613 769 2705 cognationem
789 2635 866 2678 curn
884 2616 1001 2678 iasone
1015 2614 1165 2680 ostendit.
1179 2615 1294 2680 Pheres
1309 2619 1398 2682 enim

341 2723 462 2790 Cretici
475 2723 581 2802 frater,
597 2719 681 2784 filius
700 2717 791 2784 AEoti
807 2719 879 2799 fuit.
904 2719 953 2783 Ab
975 2719 1037 2784 hoc
1056 2719 1156 2784 heroe
1175 2721 1288 2786 urbem
1307 2725 1398 2786 Aste-

338 2829 423 2894 rium
435 2828 622 2905 Thessaliae,
645 2824 736 2904 cujus
760 2823 941 2911 Stephanus
966 2825 1131 2904 meminit,
1153 2825 1396 2890 denominatam

336 2933 438 3000 credit
452 2933 642 3010 Simsonus3
663 2929 865 3017 Stephanus,
885 2928 936 2993 vel
954 2951 972 2992 a
995 2929 1136 3017 fulgore,
1152 2932 1203 2994 vel
1216 2931 1255 2994 ab
1271 2933 1396 2998 Asterio

337 3036 495 3125 quodam,
512 3049 550 3100 ut
566 3050 599 3097 et
616 3033 804 3098 Eustathius
820 3031 1013 3096 aBerclclio
1029 3031 1197 3098 adductus.

381 3269 593 3336 astemus.
618 3269 714 3332 Hunc
733 3267 774 3331 ab
790 3267 959 3332 Asterione
975 3265 1137 3334 diversum
1156 3269 1280 3335 faciunt
1297 3272 1394 3360 Apol·

336 3381 463 3460 lonius,
494 3379 530 3458 1,
562 3375 639 3462 176,
665 3390 698 3438 et
725 3373 891 3462 Orpheus,
920 3377 1005 3455 ord,
1036 3375 1221 3464 Hyginum,
1250 3378 1301 3441 vel
1326 3379 1393 3456 ejus

337 3485 501 3565 librarios,
514 3497 712 3569 permutasse
723 3477 807 3544 duos
822 3477 920 3542 modo
928 3477 1076 3542 vidimus.
1091 3481 1199 3544 Frater
1208 3483 1393 3570 Amphionis

338 3591 474 3656 dicitur:
497 3609 595 3676 qnare
611 3586 713 3674 patria
732 3601 764 3648 et
777 3601 924 3672 parentes
938 3583 975 3648 iis
990 3607 1196 3668 communes,
1217 3607 1328 3674 neque
1341 3588 1392 3650 hic

336 3692 527 3784 repetenda,
541 3713 612 3778 qum
629 3711 725 3777 supra
740 3687 782 3752 de
797 3689 835 3752 iis
851 3687 999 3779 diunius.
1014 3689 1144 3752 Omittit
1161 3711 1236 3754 eum
1248 3691 1392 3756 Valerius

247 3813 249 3828 '
337 3804 485 3881 Flaccus,
515 3799 574 3862 nisi
599 3795 688 3887 quod
713 3797 791 3859 Pius
816 3815 891 3858 eum
919 3793 1083 3858 intrudere
1110 3817 1170 3884 pro
1196 3796 1393 3862 Deucalione

335 3923 438 3974 tentet
457 3905 513 3970 lib.
532 3907 565 3984 l,
581 3927 627 3968 vs.
648 3901 728 3981 365,
751 3901 792 3965 dc
813 3922 880 3988 quo
901 3900 935 3962 in
955 3899 1153 3964 Deucalione.
1175 3902 1392 3988 Apollodorus

334 4011 489 4079 Asterium
507 4009 640 4074 Cometoe
656 4007 757 4070 lilium
771 4005 864 4084 lacit,
883 4003 939 4068 sed
957 4004 1003 4068 ibi
1017 4003 1190 4092 legendum
1201 4008 1391 4071 Astetionem

335 4118 488 4196 diximus,
507 4136 623 4201 quem,
640 4109 766 4176 omisso
780 4109 921 4189 Asterie,
947 4110 1052 4174 solum
1079 4127 1245 4176 memorat.
1265 4113 1339 4177 Fuit
1360 4130 1392 4176 et

335 4223 415 4287 nlius
431 4223 495 4298 hon
511 4234 655 4306 tempore
668 4217 825 4293 Asterius,
845 4215 934 4279 Nelei
953 4213 1052 4295 filius,
1076 4213 1174 4280 frater
1195 4215 1339 4284 Nestoris
1360 4234 1392 4282 et
