3150 5126
509 535 892 604 ARGONAU'rch.
1173 537 1232 606 311

211 669 337 732 Vellera
354 666 544 747 detrahere3
560 669 793 734 acceleratoon
809 667 915 756 segnis
927 668 1040 748 Iaaoo,

209 785 428 871 Exceptaeque
443 780 589 848 humerit
609 781 672 848 fert
684 781 828 871 pondera
845 780 991 872 peliiaad
1008 783 1106 870 Argo.

207 896 379 962 Exsultaut
394 895 514 984 Minyae
531 895 664 979 heroes,
681 896 809 984 alteque
825 896 973 962 levarunt

210 1009 260 1075 Ad
279 1011 394 1076 celum
409 1031 613 1100 superosque
629 1033 746 1076 manue
761 1027 794 1076 et
811 1009 917 1076 sidera
935 1012 1081 1092 junctae

209 1125 335 1190 Vellera
356 1125 402 1190 eie
418 1123 463 1190 itti
477 1126 696 1192 eimumetant
710 1127 864 1192 Protinua
882 1147 961 1216 ergo

210 1239 358 1305 Medeam
374 1262 393 1304 e
410 1240 510 1304 servis
527 1238 640 1305 AEetee
653 1239 746 1306 audit
762 1241 875 1306 abiere.

210 1355 297 1420 Hine
311 1370 405 1420 voert
416 1355 595 1446 Absyrtum
606 1341 621 1438 ,⁸
629 1356 858 1446 populumque
872 1370 905 1420 et
920 1354 961 1420 ad
973 1375 1061 1420 arura
1073 1374 1205 1434 vocare,
1349 1349 1354 1366 '

209 1471 477 1560 Germanumqoe
492 1493 559 1536 uua
576 1471 632 1536 dat
644 1493 788 1560 querere
802 1473 892 1552 jueta
907 1492 1065 1538 sororem.
1186 1487 1233 1524 101⁵

254 1585 411 1652 Phasidos
430 1585 457 1650 ie
471 1585 584 1678 rapido
603 1609 716 1676 gretan
732 1586 926 1676 properabat
943 1585 985 1651 ad
1001 1585 1125 1668 undat,

210 1702 398 1789 Heroesque
413 1701 512 1791 petit,
529 1700 633 1768 audax
649 1701 707 1766 ubi
724 1702 817 1791 virgo
835 1717 970 1790 reperta.
1071 1707 1075 1714 '

210 1815 252 1878 Et
261 1814 327 1895 jam
343 1836 408 1879 nox
426 1815 546 1880 medias
563 1837 662 1882 curru
685 1831 882 1906 transegerat
897 1816 1048 1896 umbrat,

210 1929 323 2014 Quum
337 1928 452 1994 Medea
465 1929 548 1996 dolie
561 1932 736 2012 instructa,
757 1948 790 1996 et
803 1931 969 1996 amoribur
986 1929 1117 2010 ardena,

208 2043 353 2108 Exitium
371 2043 461 2108 fratri
477 2044 617 2132 Absyrto
635 2044 810 2109 meditatur
828 2045 999 2133 iniquum

207 2160 250 2224 Et
265 2181 383 2226 emtum
399 2160 480 2224 raeti
494 2160 618 2240 jaciunt
630 2161 664 2224 in
688 2159 831 2226 fluminis
853 2158 975 2240 undas,

208 2273 345 2366 Gurgite
364 2297 461 2364 quem
477 2297 640 2358 mertum,
658 2275 790 2364 rapiunt
808 2275 964 2340 Nereides
978 2276 1066 2356 alto,

209 2387 306 2453 illum
322 2405 430 2454 autem
446 2390 535 2454 ruris
552 2412 571 2453 e
587 2387 739 2454 fluetibus
757 2390 861 2454 insula
877 2389 1008 2454 tandem

209 2502 345 2568 Allitum
361 2503 504 2592 excepit,
527 2525 624 2591 quem
641 2523 731 2570 nune
747 2503 920 2591 Absyrtida
935 2503 1058 2568 dieunt.

209 2617 273 2682 Sed
286 2640 392 2706 neque
403 2619 468 2699 fas,
482 2639 590 2706 neque
601 2633 718 2684 euncta
731 2617 830 2684 deum
844 2619 965 2684 latuere
977 2617 1152 2684 ridentem.
1169 2611 1172 2618 ’
1184 2633 1232 2671 1⁰2⁵

207 2735 303 2798 Tunc
314 2754 455 2823 propere
469 2733 617 2800 insiliunt
629 2734 782 2822 puppim,
798 2734 950 2821 ferroque
965 2731 1119 2800 rudentes

208 2849 370 2938 Utrinque
385 2849 581 2916 abscindunt
593 2849 730 2938 trepidi,
753 2849 809 2916 ted
824 2849 937 2916 devius
953 2865 1039 2914 errat

208 3080 357 3168 Aponto
368 3079 500 3160 avertit,
515 3101 576 3144 neo
595 3076 737 3142 fluminis
757 3101 813 3142 ora
832 3078 986 3142 deorsum

208 3193 396 3276 Poseimua,
420 3215 458 3258 ae
476 3194 596 3260 scelere
613 3193 747 3258 obducti
771 3194 930 3258 eontraria
947 3192 1034 3258 duro

207 3309 358 3399 Remigio
380 3309 506 3374 soleant
526 3307 651 3377 Coieho
674 3309 788 3373 tellure
810 3309 919 3374 relicta
1183 3325 1231 3363 10³0

209 3423 381 3514 Lymphati
394 3423 530 3512 Minyae,
551 3445 717 3512 eeooaque
732 3423 894 3512 profunda
910 3424 1028 3512 premit
1044 3444 1127 3502 nox,

208 3539 251 3605 Et
268 3538 392 3604 medior
407 3537 525 3604 fluetus
540 3538 632 3602 stulti
646 3538 814 3628 ignarique
829 3539 976 3602 loeorum

208 3653 398 3735 Curtium,
415 3670 450 3719 at
464 3653 534 3718 loca
550 3653 645 3742 plena
660 3653 773 3717 colunt
786 3675 823 3717 eo
837 3653 974 3716 maxine
988 3653 1119 3720 circuitu

208 3769 347 3858 Gymi,
366 3767 628 3857 Buonomarque,
648 3783 681 3832 et
697 3784 836 3858 agrestes
853 3769 971 3854 Arcyea
988 3789 1070 3847 uua,

207 3892 439 3982 Cercetieique,
453 3894 545 3960 ferox
558 3915 594 3958 ea
610 3913 689 3984 gene
700 3941 709 3974 ,
721 3893 869 3980 Sintique
886 3890 1035 3980 superbi,
1181 3907 1230 3945 1⁰³⁵

206 4015 321 4104 Sparsa
336 4015 547 4080 Charandteas
564 4037 622 4104 per
636 4015 733 4080 valles
747 4030 831 4080 tecta
847 4013 1052 4102 frequentant

206 4139 379 4210 Caueeseaa
396 4138 487 4219 juxta
503 4161 617 4228 rupes,
634 4155 821 4228 arctamque
838 4138 1016 4227 Erythiam.
1034 4213 1036 4216 ¹

249 4251 312 4319 Sed
329 4277 432 4343 quum
449 4278 544 4320 mane
558 4255 679 4320 rubens
696 4253 783 4318 orbis
801 4253 961 4342 proferret
973 4251 1061 4315 Eous
