3150 5126
468 496 836 564 ARGONAUTICA.

165 627 299 694 Collatis
316 628 452 717 patriam
471 643 621 693 tutantur
637 627 764 693 fortiter
781 629 879 696 anuis
889 662 911 696 ι.

208 743 261 807 Sic
278 742 323 808 ait
340 765 349 808 t
370 755 402 808 at
419 744 529 813 cuncti
546 758 681 808 tenuere
699 743 825 810 silentia
843 746 959 810 tristes.

162 857 249 922 Tum
266 833 344 924 vero
359 856 524 924 AEsonidae
542 855 673 922 fidentia
688 875 819 946 pectora
836 860 923 925 luno

164 973 299 1057 Attulit,
313 973 428 1038 heroas
446 995 589 1062 namque
603 974 720 1065 ingens
738 997 858 1041 moeror
872 975 1021 1042 habebat

208 1089 299 1154 «Nos
316 1111 425 1178 neque
439 1090 581 1156 latrones
599 1107 637 1156 ut
651 1091 817 1172 venimus,
838 1091 942 1156 ullave
959 1107 1070 1158 nostra
1168 1123 1195 1152 ιο

163 1201 251 1268 Saeva
266 1203 428 1269 lacessitos
444 1203 561 1283 injuria
578 1203 721 1270 reddidit
739 1206 865 1287 hostes,
960 1265 963 1272 ,
1231 1199 1233 1206 ⁴

164 1315 319 1383 Mortales
337 1317 414 1383 odio
431 1341 503 1408 quse
520 1317 587 1397 jam
608 1319 713 1384 fecere
728 1319 853 1408 priores

164 1431 261 1498 Haud
277 1433 391 1522 pauci,
408 1449 500 1524 rapto
521 1436 649 1501 lucrum
665 1434 727 1499 sibi
742 1451 838 1525 turpe
854 1452 1014 1524 parantes.

164 1545 228 1612 Sed
245 1568 353 1636 neque
370 1547 516 1638 Neptuni
533 1549 682 1614 bravium
698 1549 860 1614 carissima
875 1550 982 1639 proles

164 1663 344 1728 Constituit
360 1664 486 1752 primus
503 1665 605 1732 Pelias
623 1682 663 1732 ut
677 1666 794 1730 vellera
812 1667 898 1731 nacti

164 1777 269 1842 Aurea
285 1777 393 1842 felices
410 1779 547 1867 patriam
564 1797 748 1868 repetamus
765 1779 889 1844 Iolcon.

162 1895 205 1959 At
222 1893 380 1958 nonnulla
401 1909 515 1958 tenent
532 1895 611 1959 socii
628 1894 710 1958 mihi
728 1895 861 1959 nomina
874 1895 998 1975 juncti:

163 2007 247 2073 Nam
264 2029 377 2072 sumus
393 2007 533 2074 heroum
548 2025 606 2074 aut
621 2010 689 2075 nati
705 2008 746 2074 de
763 2011 920 2102 sanguiue
937 2011 1060 2077 divum.

162 2121 227 2187 Sed
243 2144 349 2212 neque
364 2122 524 2188 bellorum
541 2124 645 2214 ignari
660 2123 775 2190 durive
792 2124 928 2206 laboris,

163 2231 313 2324 Hospitio
327 2238 421 2328 jungi
436 2239 600 2330 petimus:
620 2262 695 2305 nam
713 2239 855 2327 denique
870 2255 999 2328 prestat
1011 2273 1034 2307 ι.

205 2351 259 2417 Sic
275 2353 340 2435 ait,
357 2368 407 2418 ast
424 2353 570 2418 animum
589 2355 754 2420 concussit
769 2353 896 2420 flamma
912 2357 1060 2445 procelle

163 2464 268 2532 AEetse
283 2467 415 2550 similis,
433 2468 612 2557 oculosque
629 2469 759 2534 intorsit
776 2469 927 2552 acerbos,

164 2579 375 2670 Exitiumque
391 2581 469 2647 dolo
485 2582 606 2672 Minyis
623 2581 800 2646 meditatur
816 2583 942 2671 iniquo.

161 2692 214 2761 Ad
229 2717 313 2784 quos
328 2713 378 2762 est
393 2695 524 2761 tandem
542 2697 599 2761 tali
612 2719 762 2762 sermone
780 2698 936 2786 loquutus
948 2722 964 2763 :-

205 2840 218 2867 α
229 2811 263 2875 Si
280 2827 368 2876 tanta
383 2810 417 2876 in
433 2811 525 2876 vobis
541 2813 641 2877 animi
656 2813 705 2877 vis
720 2813 834 2877 martia
849 2815 968 2902 surgit,
1002 2815 1003 2818 ’

164 2925 208 2990 Ut
224 2942 337 2991 contra
354 2926 510 2992 instantes
527 2949 690 3017 pugnaces
705 2927 843 2992 fundere
859 2930 1000 2996 Colchos

158 3039 323 3130 speretis,
340 3040 499 3128 vobisque
516 3041 632 3130 ingens
648 3042 710 3106 erit
728 3040 804 3106 inde
820 3058 996 3132 tropeum,

161 3155 286 3221 Vellera
299 3157 447 3221 tollentes
459 3156 577 3245 patrias
592 3155 757 3246 deposcite
773 3173 890 3236 terras3

161 3269 218 3336 Sin
232 3286 340 3336 autem
354 3270 450 3360 pauci
465 3285 576 3336 nostra
595 3287 768 3360 superante
785 3272 945 3364 phalange

160 3383 306 3468 Cedetis,
324 3407 433 3476 poenas
450 3386 553 3452 solvet
568 3385 732 3451 confracta
748 3387 865 3453 carina.
1148 3415 1187 3459 ss«.

159 3504 205 3567 At
220 3500 300 3565 mihi
319 3501 346 3566 si
363 3523 427 3589 qua
441 3499 540 3584 fides,
559 3517 591 3566 et
607 3502 669 3566 erit
684 3502 784 3591 magis
801 3503 881 3567 utile
896 3503 1003 3588 subu,

159 3615 308 3705 Deligere
324 3637 342 3679 c
360 3615 485 3680 cunctis
503 3615 562 3704 qui
577 3615 618 3679 sit
635 3615 836 3705 prestantior
852 3639 957 3682 unum

159 3733 254 3798 Mens
273 3732 349 3816 erit,
362 3748 401 3796 ut
418 3731 551 3797 subiens
566 3753 627 3822 ego
640 3755 714 3820 quc
727 3713 903 3798 certamina
917 3732 1042 3818 dicam,

159 3849 268 3913 Aurea
285 3845 373 3911 dona
389 3849 490 3926 ferat,
507 3860 540 3910 et
556 3867 614 3910 vos
627 3845 736 3910 honor
753 3845 813 3912 iste
828 3846 1002 3912 manebit».

203 3959 257 4025 Sic
271 3959 383 4025 dicens
400 3960 537 4050 urgebat
550 3982 670 4048 equos;
687 3960 819 4050 vestigia
838 3977 926 4027 retro
1147 3991 1185 4037 us

159 4075 208 4140 llli
224 4073 312 4154 jussa
326 4075 451 4158 ierunt3
464 4075 589 4164 Minyas
605 4074 702 4140 dolor
715 4093 853 4166 occupat
870 4076 963 4142 altus.

159 4191 256 4257 Tunc
273 4213 352 4281 ergo
369 4191 497 4258 Alcides
515 4192 598 4257 votis
619 4189 820 4280 deposcitur:
836 4193 881 4256 illi

229 4305 273 4372 11.
1012 4330 1053 4373 ao
