3124 5132
323 553 366 618 60
619 557 877 622 c.vAtElt11
908 561 1079 626 FLACCl

366 685 440 748 ileu
451 686 571 774 quibus
581 687 692 778 ignota
703 711 773 756 sese
785 714 847 780 pro
860 709 956 782 gente
966 693 1093 782 periclis

366 799 486 880 objicit
495 803 503 864 !
513 833 526 856 ι
537 802 613 866 llaec
623 801 745 868 fantem
758 806 867 870 medio
877 807 911 870 in
925 830 1074 872 sermone
1085 807 1215 894 reliquit

367 915 492 1002 incepti
504 915 571 994 jam
583 917 670 982 tuno
683 934 1007 1012 potens,securaque
1019 920 1152 986 fraudis.
1351 939 1393 980 ⁶⁸⁰

409 1030 591 1096 imminete
602 1032 694 1096 oelsis
705 1032 880 1100 audentius
890 1035 1039 1124 improba
1051 1036 1151 1100 muris

366 1145 484 1236 Virgo,
497 1168 557 1210 nec
568 1146 705 1212 ablatam
717 1149 867 1235 sequitur
877 1149 1031 1236 quaeritve
1044 1171 1202 1220 sororem.

364 1260 408 1323 At
421 1259 549 1350 quoties
559 1259 608 1324 ris
621 1259 691 1326 dira
705 1259 826 1324 ducum
836 1309 845 1336 ,
856 1259 1015 1352 densique
1025 1281 1159 1354 repente

364 1373 544 1440 AEsoniden
560 1399 705 1464 pressere
718 1377 796 1458 viri,
808 1399 978 1466 quumque
989 1381 1096 1444 omnis
1107 1380 1141 1444 in
1154 1403 1256 1445 unum

366 1489 474 1554 Imber
487 1491 543 1572 iit,
560 1491 655 1554 toties
668 1491 750 1556 saxis
763 1491 909 1580 pulsatur
922 1510 954 1558 et
964 1493 1073 1560 hastis.
1350 1513 1391 1551 ⁶⁸⁵

364 1603 536 1694 Primaque
546 1605 588 1669 ad
599 1605 707 1670 infesti
718 1607 892 1672 Lexanoris
903 1606 1032 1672 horruit
1043 1631 1153 1690 arcus,

365 1721 436 1784 stra
449 1719 506 1784 sed
519 1720 691 1786 AEsoniurn
705 1744 802 1811 snpra
816 1738 914 1812 caput
929 1722 994 1786 exit
1005 1721 1152 1805 aruod0;

365 1835 493 1923 Teque,
510 1836 625 1917 Caice,
641 1836 740 1924 petit:
758 1837 878 1916 conjux
896 1835 1076 1901 miseranda
1089 1837 1186 1902 Caico

365 1951 556 2037 Linquitur,
574 1968 607 2016 et
621 1951 727 2040 primo
744 1949 862 2015 domus
877 1951 1066 2039 imperfecta
1082 1951 1191 2016 cubili.

409 2066 529 2154 Regius
547 2066 624 2130 Eois
639 2065 786 2154 Myraces
803 2066 961 2154 interpres
975 2065 1016 2131 ab
1031 2067 1095 2130 oris
1351 2090 1392 2139 ⁶90

352 2278 407 2326 oss.
426 2279 457 2324 Et
470 2277 543 2326 oehis.
560 2281 649 2328 sonos
665 2281 719 2327 cod.
735 2282 825 2328 Boron
841 2284 852 2329 l
868 2291 892 2330 et
907 2283 938 2329 11.
952 2282 1063 2334 Baeoelsis.
1077 2283 1164 2332 Sabell.
1182 2285 1214 2330 At
1230 2281 1301 2335 salsis.
1320 2286 1389 2333 lunt.

323 2357 408 2406 Mater.
419 2359 519 2420 Eugent.
539 2361 568 2406 Ut
577 2359 651 2406 celsis.
666 2359 720 2406 std.
732 2345 892 2408 Audiestilus.
905 2360 980 2408 vatic.
997 2361 1050 2408 eod.
1072 2362 1218 2408 Ardeatibus.
1235 2365 1324 2408 Boron
1336 2363 1392 2414 eod,

323 2439 436 2484 lienosi-l
452 2447 475 2484 et
487 2439 516 2485 ll.
528 2440 661 2486 Audendor.
678 2441 733 2488 Atd.
749 2467 780 2476 —
799 2441 853 2489 683.
872 2442 910 2488 Aa
926 2445 1021 2506 quoties.
1039 2442 1097 2489 lidd.
1116 2452 1170 2488 anto
1185 2443 1249 2488 Cart.
1269 2443 1310 2490 ru
1325 2441 1393 2487 dara.

321 2517 396 2566 Vstio.
406 2528 430 2565 et
438 2520 528 2566 Boron
541 2519 610 2566 codd.
626 2546 657 2556 —
667 2521 721 2569 685.
731 2522 785 2568 tter
794 2525 828 2568 iit.
840 2524 931 2570 Boron.
944 2524 962 2570 ῐ.
973 2525 1037 2569 lunt
1051 2521 1103 2568 ald.
1116 2523 1159 2568 En.

319 2729 393 2782 gente
401 2714 652 2786 nontamexponit‚
667 2733 836 2788 quamspon·
914 2716 976 2770 686.
1002 2713 1255 2786 Prima(adverbisl.
1274 2731 1325 2786 pro
1340 2715 1394 2781 μή.

322 2797 569 2862 teobjiet'tpsn'cnlis!
878 2815 960 2860 mum,
974 2796 1014 2849 uti
1035 2797 1064 2861 1,
1084 2813 1109 2859 1,
1130 2794 1290 2865 et'sequentl
1309 2809 1393 2844 versu

357 2875 419 2944 679.
433 2873 495 2926 Haec
507 2873 544 2927 ita
554 2874 705 2946 loquentem
718 2875 797 2927 medio
808 2877 833 2926 ira
878 2881 931 2927 alta
940 2894 989 2947 pro
999 2877 1095 2942 altius)
1104 2877 1198 2926 Ιισνηιίτ
1207 2878 1244 2926 ad
1252 2876 1393 2925 laersson's

322 2973 432 3006 sermone
448 2955 563 3021 relinquit
584 2961 648 3004 luno
667 2957 721 3021 jam
745 2957 835 3024 incepti
878 2955 1017 3028 sagittam,
1036 2973 1096 3026 quae
1114 2965 1204 3007 tamen
1223 2971 1277 3006 non
1301 2949 1392 3012 feriit,

316 3047 405 3102 potens
415 3033 564 3100 fraudisque
577 3050 678 3093 secura,
695 3031 749 3084 voti
762 3051 833 3085 com·
878 3033 923 3087 sed
933 3033 1010 3088 altins
1018 3033 1123 3088 lenonis
1134 3046 1213 3109 capnt
1226 3029 1393 3086 transvolans

321 3131 384 3184 pos,
395 3121 421 3164 et
439 3102 473 3163 de
490 3109 576 3163 dolosi
590 3109 693 3164 consilii
711 3129 834 3164 successu
878 3117 975 3165 Caisrmr
985 3114 1126 3188 percussit,
1136 3113 1181 3188 qni
1191 3113 1295 3184 nuptias
1305 3128 1394 3179 nuper

321 3203 392 3244 certa
403 3209 411 3254 t
421 3191 492 3244 conf.
502 3194 725 3259 promissipotess,
737 3189 832 3260 Virgil.
876 3194 1070 3257 celebraverat,
1085 3191 1157 3266 quod
1168 3191 1202 3245 ad
1212 3189 1393 3245 miserationis

321 3273 463 3335 AEn.VII,
479 3271 547 3338 5413
558 3277 735 3343 jussipotsns,
750 3269 830 3327 Ovid.
876 3275 1000 3328 allectum
1025 3271 1223 3327 accommodate
1251 3273 1288 3324 ita
1310 3269 1394 3324 effert

321 3352 429 3406 Melam.
443 3353 494 3417 IV,
507 3354 566 3423 509.
876 3363 970 3425 poeta:
986 3357 1080 3425 conjux
1100 3355 1243 3406 miseranda
1256 3353 1329 3410 Caico
1340 3353 1391 3406 lirr-

357 3431 418 3485 681.
427 3438 541 3486 Imminet
547 3451 632 3503 prono
646 3451 757 3504 corpore
770 3449 832 3486 con·
877 3435 966 3499 quitur,
977 3448 1001 3484 et
1006 3437 1086 3502 primo
1098 3437 1184 3484 domus
1196 3432 1337 3500 imperfecta
1351 3449 1394 3480 eu·

321 3511 411 3586 spicna
426 3517 522 3567 asetsis
535 3516 609 3565 muris
628 3515 769 3576 audeonus,
780 3513 831 3566 im·
876 3513 926 3562 bili.
945 3511 993 3564 Est
1012 3531 1044 3566 ex
1064 3511 1196 3574 Homero,
1215 3511 1246 3563 Il.
1264 3510 1308 3570 ΙΙ,
1325 3525 1390 3580 7⁰¹²

321 3591 480 3664 pudentius,
498 3595 623 3661 improba,
637 3589 751 3656 ndens,
766 3592 833 3646 nihil
876 3588 952 3664 laps<
964 3593 1081 3664 ἡμιτελής
1093 3588 1247 3658 (Protesilai)
1255 3607 1263 3652 5
1272 3591 1393 3662 ἡμιτιλὴς

321 3670 394 3726 aliud
414 3673 531 3744 cogitans
551 3675 636 3740 virgo,
658 3691 704 3724 nec
724 3675 832 3724 ablamm
876 3667 1392 3744 to.sps<‚snrhol.Greea,racots‚vol-

320 3752 463 3822 sequiturin
475 3753 567 3806 urbem
580 3773 700 3814 sororem,
710 3773 833 3822 neequre·
878 3750 904 3802 Il
915 3788 922 3812 ,
932 3771 959 3822 p.
975 3752 1278 3821 172.Fmstrainceptam
1293 3753 1394 3799 domum

321 3836 365 3893 rie,
381 3852 415 3885 ne
426 3830 557 3887 desiderat
570 3831 686 3905 quidem.
832 3827 835 3834 “
877 3829 993 3902 appellat
1003 3827 1141 3894 Catullus,
1155 3827 1246 3900 Epigr.
1258 3827 1392 3890 LXVIII,

354 3913 416 3966 683.
440 3917 476 3964 At
494 3915 587 3980 quoties
608 3909 671 3964 viris
701 3911 833 3983 nmisque
879 3909 930 3981 75,
943 3911 991 3963 ubi
1003 3907 1066 3962 ride
1080 3908 1115 3960 ol.
1130 3911 1262 3976 Μανίῳ
1283 3910 1394 3958 &colem

319 3992 540 4064 premissionem
556 3989 628 4042 videt
638 4007 732 4052 snum,
745 4009 831 4057 qnum-
877 3993 987 4051 domum,
999 3989 1118 4060 Propert.
1129 3988 1182 4053 IV,
1195 4006 1236 4050 tt,
1250 3991 1294 4041 62.
1309 3987 1392 4040 Coos.

320 4091 367 4138 que
389 4075 467 4122 omnis
481 4075 506 4126 in
523 4091 597 4123 unum
612 4073 687 4121 imber
702 4071 742 4131 iit,
761 4088 834 4122 saxo-
877 4066 1235 4138 supersiadTacir.Ann.1,
1250 4069 1284 4124 3.
1298 4085 1320 4118 π.

320 4166 379 4201 rum
391 4161 416 4200 et
425 4149 560 4204 hastarum
570 4188 578 4212 ,
590 4151 661 4201 tedes
671 4151 741 4200 saxis
747 4154 833 4217 palsa-
913 4151 974 4215 690.
987 4153 1116 4212 Myraces,
1130 4144 1231 4216 legatus
1247 4147 1315 4218 regis
1326 4145 1393 4198 Par-

320 4242 360 4276 rus
380 4239 403 4277 et
420 4231 514 4290 kartis,
542 4231 597 4302 lpsa
627 4229 676 4282 sibl
700 4229 832 4282 vulnerari
877 4225 1002 4289 thorum,
1025 4227 1082 4277 Eois
1101 4227 1133 4274 ab
1149 4227 1213 4284 oris,
1230 4243 1260 4276 ex
1284 4225 1394 4278 Oriente

321 4303 438 4358 videlur.
878 4317 983 4358 verimi
992 4344 999 4370 ,
1008 4318 1036 4357 ut
1048 4303 1124 4357 donis
1133 4303 1230 4356 oblatis
1230 4305 1331 4372 foderit
1340 4324 1392 4356 non
