3220 5128
469 478 892 544 nneonnurnnun.
1153 479 1217 566 379

148 599 285 664 Ptolem.
310 599 539 686 Hephaestion,
559 601 613 665 lib.
640 602 688 681 11,
709 601 823 674 tradit,
845 601 1017 665 Herculem
1045 599 1216 664 aedilicesse

148 727 281 786 navem,
296 728 369 794 quae
384 708 478 794 Argo
495 730 513 770 a
529 707 654 772 Jasonis
672 705 738 770 lilio
752 709 860 796 Argo,
875 729 974 794 quem
992 705 1119 770 amabat
1135 707 1218 771 Her-

148 813 253 893 cules,
270 811 355 876 dicta
379 813 457 892 fuit,
473 830 506 877 et
530 829 664 902 propter
685 833 784 900 quem
810 835 886 876 cum
909 812 1027 876 Iasone
1045 811 1218 900 navigarit;

149 941 221 1005 quaa
234 940 302 980 non
314 933 503 1005 congruunt
514 917 646 1004 reliquis
655 965 664 998 ,
674 917 731 1006 qui
743 917 893 980 Jasonem
908 917 941 980 in
957 917 1061 1004 prima
1069 918 1217 997 juventa,

148 1039 322 1110 antequam
341 1045 475 1087 uxorem
499 1022 662 1105 druisset,
682 1047 700 1087 a
725 1023 808 1086 Pelia
832 1037 998 1086 extrusum
1016 1039 1130 1084 omnes
1149 1041 1218 1084 uno

149 1151 206 1192 ore
233 1127 377 1192 tradunt.
406 1129 491 1193 Huic
514 1129 654 1193 voluisse
683 1151 798 1193 omnes
826 1131 1030 1218 Argonautas
1057 1147 1217 1191 summam

150 1232 279 1322 imperii
296 1231 438 1314 tradere,
453 1232 510 1297 sed
526 1233 634 1326 ipsum
652 1234 789 1297 lunonis
805 1233 933 1297 consilii
949 1231 1131 1313 conscium,
1145 1251 1221 1320 pro·

152 1339 319 1406 nuntiasse
345 1341 494 1403 Iasonem
526 1339 662 1420 ducem,
686 1337 783 1403 tradit
810 1339 974 1429 Hyginus,
992 1354 1025 1401 et
1049 1337 1220 1424 Orpheus,

151 1469 232 1510 vers.
261 1445 343 1532 293,
362 1445 419 1508 ubi
442 1445 664 1526 Aristotelem,
680 1445 776 1510 Polit.
792 1445 848 1508 lib.
863 1445 932 1525 111,
948 1445 1006 1523 13,
1019 1442 1217 1507 contrarium

152 1551 278 1616 tradere
297 1552 419 1616 notavit
435 1550 614 1616 Escchenb.
632 1568 665 1615 et
679 1553 821 1616 noluisse
838 1573 951 1639 parere
968 1550 1094 1630 Iasoni,
1110 1549 1220 1634 itaque

155 1656 335 1725 deseruisse
342 1661 554 1748 Argonautas.
565 1660 685 1723 Anton.
699 1657 804 1722 Liber.
813 1681 841 1720 c.
855 1654 1218 1744 septemnarium

156 1763 275 1828 ducem
299 1762 456 1843 affirmem
471 1780 509 1827 ut
528 1781 560 1828 et
577 1763 713 1828 Diodor.
729 1765 871 1846 Siculus,
888 1763 944 1828 lib.
962 1763 1018 1845 lv,
1035 1785 1066 1852 p.
1088 1783 1166 1848 1713
1182 1775 1221 1822 ut

154 1871 252 1934 lason
267 1867 400 1936 demum
414 1885 489 1958 post
502 1869 676 1934 Herculem
685 1869 831 1933 relictum
841 1891 976 1933 summae
985 1869 1031 1934 rei
1046 1865 1218 1956 praefuerit.

154 1975 322 2040 Scholiast.
349 1974 479 2040 Pindar.
509 1975 933 2064 Pym1v‚3o5‚relictum
950 1977 991 2040 ab
1004 1973 1221 2064 Argonautis,

155 2102 258 2168 quum
283 2097 437 2168 aquatum
463 2081 607 2162 exiisset,
626 2082 746 2146 Noster
765 2099 799 2146 et
816 2083 884 2158 alii,
899 2082 979 2146 dum
998 2083 1115 2169 Hylam
1132 2099 1221 2166 qute-

154 2204 240 2251 reret
251 2235 260 2268 ,
271 2186 415 2252 tradunt.
427 2187 536 2251 Varias
551 2190 724 2253 sententias
739 2205 887 2254 recenset
896 2189 1003 2254 Schol.
1017 2187 1166 2276 Apollon.
1179 2181 1221 2248 sd

156 2291 211 2356 lib.
227 2293 258 2370 l,
274 2313 373 2378 1290,
386 2293 473 2356 inter
488 2315 571 2380 quos
591 2293 724 2358 Hesiodi
743 2295 839 2358 etiarn
857 2296 1010 2376 refertur,
1023 2293 1143 2357 scilieet
1153 2291 1218 2369 jarn

156 2377 304 2462 relsstum
320 2399 420 2462 luisse
438 2400 472 2462 in
491 2399 669 2487 Magnesia,
686 2402 720 2463 in
739 2403 829 2481 loco,
847 2401 903 2489 qui
922 2413 971 2464 ἀπὸ
983 2415 1028 2470 τῆς
1043 2411 1151 2478 ἀφέσεως
1170 2395 1221 2459 di·

157 2519 228 2566 ctus
246 2518 295 2566 est
305 2504 416 2581 Aquae·
428 2503 481 2566 cui
500 2519 533 2567 et
550 2505 714 2566 consentit
731 2505 883 2593 Stephan.
901 2506 934 2569 in
946 2508 1053 2582 Ᾰφίται,
1066 2501 1156 2590 quod
1169 2499 1221 2563 vix

155 2608 325 2672 verisimile
340 2606 469 2670 videtur
490 2607 672 2689 Berclrelio,
686 2631 746 2672 nec
759 2611 849 2673 mihi.
863 2611 926 2674 Alii
943 2613 975 2673 in
993 2609 1131 2672 Colchos
1146 2627 1221 2694 per-

157 2715 297 2796 venisse,
309 2729 342 2777 et
352 2713 490 2779 vicissim
505 2735 618 2778 omnes
636 2717 838 2803 Argonautas
852 2717 912 2805 ipsi
928 2715 1069 2779 adfuisse
1085 2715 1119 2776 in
1136 2711 1222 2774 bello

108 2865 115 2880 .
158 2837 269 2886 contra
285 2819 505 2886 Laomedonta
520 2818 677 2888 scribunt
692 2818 797 2907 [Adde
814 2822 921 2887 Schol.
937 2821 978 2886 ad
991 2820 1093 2909 Apoll.
1111 2817 1165 2881 lib.
1186 2817 1221 2894 1,

158 2949 240 2992 vers.
261 2942 388 3012 1207et
404 2927 699 3008 1236‚et1)i0d0r.
717 2929 813 2992 Sicul.
832 2928 1003 3009 lib.1v‚c.
1021 2926 1080 3007 36,
1096 2947 1128 3012 p.
1146 2921 1222 2986 281.

160 3034 277 3120 Hane]
296 3033 378 3098 Vide
395 3035 502 3099 Schol.
522 3033 652 3106 Pindar.
664 3036 762 3114 Nem.
780 3035 844 3099 Od.
863 3036 926 3117 111,
949 3059 994 3100 vs.
1014 3035 1068 3112 64.
1085 3032 1220 3118 Reliqua

158 3138 200 3222 de
224 3138 293 3218 ejus
319 3139 483 3230 laboribus
506 3140 621 3222 obvia,
635 3157 667 3205 et
681 3165 721 3232 an
740 3143 785 3206 illi
804 3143 865 3207 lrac
881 3141 1085 3230 expeditione
1101 3139 1223 3228 priores

158 3243 297 3326 luerint,
307 3245 446 3310 vidimus
458 3246 499 3310 ad
509 3248 579 3312 Val.
595 3249 681 3312 Flac.
690 3250 724 3329 Ι,
734 3247 786 3326 34.
798 3249 933 3336 Reliqua
945 3248 986 3312 de
998 3245 1137 3318 Hercule
1151 3265 1227 3331 prae-

159 3352 309 3432 terimus,
325 3374 365 3414 ne
379 3352 474 3416 taedio
489 3354 589 3418 simus
602 3352 760 3436 delicatis,
774 3354 895 3442 quibus
910 3354 975 3433 jam
991 3351 1049 3417 has
1066 3350 1224 3438 Mythims

161 3479 262 3546 nugas
277 3456 444 3522 fastidium
462 3481 570 3523 creare
588 3459 760 3524 credimus.

204 3647 505 3730 HlPPALClMUS,
518 3650 642 3739 Pelopis
659 3668 692 3716 et
707 3651 944 3741 Hippodamiae,
958 3653 1121 3718 OEnomai
1139 3649 1228 3732 filiae,

162 3751 266 3832 lilius,
281 3777 320 3817 ex
336 3753 558 3842 Peloponeso‚
573 3756 653 3820 Pisis
664 3758 790 3822 venisse
806 3774 920 3822 auctor
936 3774 985 3822 est
999 3757 1117 3846 Hygin.
1133 3779 1160 3819 c.
1178 3759 1227 3831 14.

161 3857 380 3946 Apollodorus
392 3882 487 3940 vero,
505 3859 559 3924 lib.
578 3863 608 3941 Ι,
624 3885 693 3950 cap.
710 3873 770 3948 9,§
787 3864 836 3944 16,
851 3864 1024 3928 Peneleum
1040 3861 1142 3928 lilium
1157 3861 1230 3948 Hip·

195 4065 234 4128 (r)
249 4062 303 4126 Qui
318 4061 396 4114 etiam
411 4062 569 4126 Herculem,
591 4062 655 4116 dum
674 4063 769 4135 Hylam
785 4080 929 4136 quereret,
954 4067 988 4118 nb
1001 4030 1159 4137 Argonautis
1173 4085 1228 4118 esse

159 4149 299 4212 relietum,
319 4151 425 4221 copiose
442 4150 540 4204 tradit:
557 4151 590 4204 ad
608 4171 687 4222 quem
702 4153 788 4206 lorum
807 4155 929 4226 Munlrer.
943 4168 969 4208 et
988 4159 1097 4220 Verheyl
1116 4153 1149 4206 de
1163 4155 1228 4228 Hyla

160 4249 254 4310 egum.
274 4235 359 4290 llaec.
