3150 5126
475 467 879 570 inconsonas]
1140 501 1204 588 319

171 637 246 725 lpse
260 655 325 726 ego
343 635 379 698 ni
395 634 526 700 cithare
544 635 644 702 versis
659 635 694 698 in
709 634 854 702 caruriua
869 631 1017 714 chordis,

171 751 265 833 Quos
283 765 386 814 mater
400 747 514 824 docuit
526 748 685 834 misissem
702 764 833 838 pectore
846 762 978 829 cautus3

171 865 425 954 Pangebamque
438 863 545 930 modis
563 885 695 930 suavem
709 863 936 930 resonantibus
952 863 1133 952 hymnum,
1154 876 1205 916 ¹²ss⁵

172 983 218 1045 Ut
235 980 402 1070 quondam
417 979 596 1071 eripeduru
612 1001 709 1048 mma
725 980 856 1046 certarit
871 1003 1034 1068 equorum

170 1095 298 1185 Jupiter
314 1111 476 1164 astrorum
491 1093 592 1176 duas,
609 1111 642 1162 et
661 1095 836 1184 Neptunus
851 1117 1028 1184 aqrrarum,

165 1211 276 1298 thue
293 1210 490 1299 Lycaoniam
507 1226 625 1276 terram
640 1207 724 1276 deus
737 1210 877 1298 aequoris
892 1233 992 1278 aureo

170 1327 275 1390 Iratus
291 1325 382 1390 fratri
395 1327 595 1414 percusserit.
608 1323 685 1390 inde
708 1324 872 1408 tridente,

170 1442 385 1530 lmpulsuque
401 1441 457 1506 illo
473 1463 544 1538 sese
557 1439 731 1508 ostendere
748 1441 882 1536 peralta
1154 1476 1206 1518 1²70

169 1557 317 1645 AEquora
331 1555 481 1638 diverso,
497 1579 636 1646 qunque
653 1558 776 1638 insula,
793 1557 928 1624 nomine
943 1573 1056 1639 tenu,

170 1670 335 1756 Sardinia,
349 1671 491 1754 Euboea,
507 1687 539 1736 et
551 1672 703 1753 Schmin,
719 1687 919 1760 ventosaque
930 1675 1071 1760 Cyprus.

171 1786 382 1876 Obstupuere
403 1809 490 1852 novo
513 1801 612 1852 cantu
627 1785 670 1854 de
688 1787 770 1852 colle
786 1787 902 1852 nivoso

171 1901 321 1983 Sirenes,
336 1902 495 1990 rictuque
511 1917 637 1982 tacent,
652 1917 686 1966 et
701 1901 844 1966 camnine
860 1917 993 1984 nostr03

172 2017 213 2081 Et
229 2016 367 2104 chelyn,
388 2030 422 2078 et
437 2014 612 2096 citharam,
625 2015 763 2103 suspiria
777 2030 910 2103 pectore
927 2015 969 2080 ab
987 2015 1055 2080 imo
1153 2027 1203 2080 ¹³⁷⁵

173 2133 360 2212 Ducentcs,
376 2129 483 2209 jecere
500 2151 617 2211 manu,
640 2151 857 2218 supremaque
873 2130 929 2194 leti

171 2245 335 2332 Tempora
351 2242 455 2310 fatalis
471 2243 625 2326 veniunt,
643 2255 678 2308 et
694 2243 736 2308 ab
752 2242 856 2324 objice
872 2243 939 2308 saxi

171 2356 356 2445 Praecipites
372 2377 441 2422 sese
451 2355 493 2420 'in
511 2355 643 2444 pelagus
657 2355 774 2440 misere
788 2355 1011 2442 profundum

171 2471 236 2536 Sed
250 2472 390 2536 formum
406 2471 440 2536 in
457 2486 583 2558 petras,
601 2491 822 2558 generosaque
837 2493 975 2559 corpora
990 2489 1130 2542 mutant.

215 2587 303 2677 Ergo
316 2587 373 2651 uhi
391 2603 426 2655 et
442 2585 506 2650 hoc
525 2583 624 2650 etiam
636 2605 736 2652 cursu
746 2583 812 2664 jam
829 2587 970 2672 praeterit
985 2589 1074 2678 Argo
1113 2633 1115 2638 -
1148 2576 1198 2650 cn

172 2702 402 2791 Naufragium,
415 2703 563 2789 latosque
583 2699 674 2766 sinus
688 2699 768 2787 petit
780 2702 920 2788 aequoris
937 2703 1012 2784 alti,
1153 2747 1157 2755 -

176 2818 312 2906 lamque
330 2840 387 2906 per
403 2832 533 2905 optatos
550 2814 705 2904 producit
722 2815 851 2880 carbasa
866 2832 998 2900 ventos,

172 2934 349 3019 Cercyreos
366 2931 505 3020 petimus
520 2946 654 3020 portum
673 2952 709 2994 ea
725 2945 810 2996 tecta
830 2931 981 2996 colebant

171 3045 319 3112 Artifices
337 3067 475 3134 operum
489 3043 612 3134 pelagi,
627 3043 812 3132 puppisque
831 3044 981 3134 regendae

172 3160 340 3242 Phaeaces,
356 3160 475 3226 virtute
494 3159 595 3224 animi
612 3158 734 3246 quibus
750 3159 890 3248 inclytus
907 3161 1004 3228 heros
1150 3180 1201 3217 ¹²⁸⁵

172 3265 315 3362 lmperat
330 3272 504 3354 Alcinous,
528 3293 642 3362 regum
655 3271 852 3352 justissimus
868 3297 966 3342 unus.

171 3388 347 3454 Subductis
365 3389 457 3454 illinc
473 3386 514 3451 de
533 3388 629 3453 litore
649 3410 737 3454 secra
754 3388 902 3455 ferebant

170 3502 337 3583 Funihus,
358 3501 559 3589 utherioque
575 3501 666 3584 lovi,
684 3516 717 3564 et
736 3501 810 3578 tibi,
834 3503 989 3591 Delphice
1002 3504 1144 3588 Phoebe,

172 3617 284 3700 Quum
303 3616 414 3682 suhitn
429 3617 464 3680 in
485 3632 616 3705 portum
633 3613 730 3680 delati
746 3617 846 3684 classe
861 3618 1028 3686 vehuntur

172 3731 321 3821 Remigio
333 3731 436 3798 AEeue
452 3732 537 3820 regis
553 3752 669 3796 suanus
688 3730 751 3794 ulta
765 3730 911 3796 virorum
1150 3760 1202 3808 1290

173 3845 386 3929 Colchorum,
400 3847 630 3934 Errayonque,
646 3842 885 3926 Charandeon,
896 3845 1135 3936 Solymonque,

173 3961 214 4025 Et
232 3959 360 4049 Minyas
376 3976 544 4047 quaerunt,
560 3957 700 4027 reddant
713 3958 776 4024 sibi
792 3958 910 4026 deiude
924 3961 1091 4030 ferendam

171 4073 322 4141 Medeam
340 4075 439 4164 patris
453 4090 528 4140 ante
546 4073 673 4157 oculos,
688 4075 721 4138 in
735 4074 872 4142 Phaside
887 4077 960 4144 eoesi

173 4189 318 4254 Perierat
333 4205 371 4254 ut
384 4190 516 4257 meritas
536 4189 640 4256 fratris
661 4213 721 4278 pro
737 4192 895 4280 sangiune
913 4215 1032 4280 peenas.
