3124 5132
327 475 729 542 ARGONAUTICON
762 478 847 544 utu.
871 479 932 543 v1.
1119 484 1157 548 31

136 610 299 701 Opprimit
310 599 459 676 admissis
471 607 562 674 ferus
572 607 663 674 huno
674 609 838 675 Gesander
850 609 994 676 habenis.

136 727 191 791 llle
209 747 342 790 manum
358 721 527 812 trepidans
542 738 639 811 atque
656 723 746 788 irrite
762 745 850 788 secra
867 724 1025 792 tetendit:

136 841 272 928 «Teque
287 861 345 928 per
356 837 462 920 hanc,
474 838 597 926 inquit,
612 837 740 926 genitor
751 838 812 904 tibi
824 839 852 904 si
863 857 990 923 menet,
1001 863 1061 906 oro
1122 861 1160 901 ³0⁵

136 953 290 1017 Canitiem
302 1000 312 1034 ,
324 971 494 1041 compesce
508 951 631 1034 minas,
644 966 677 1016 et
691 952 796 1018 sicubi
810 969 888 1018 nato

137 1067 233 1132 Parce
246 1088 322 1132 meo
332 1097 357 1132 ι.
369 1065 474 1150 Dirit5
486 1082 599 1134 contm
612 1066 658 1132 sic
671 1067 776 1132 victor
790 1067 904 1132 adacto

139 1183 218 1246 lluse
233 1181 352 1248 refert:
365 1180 546 1263 «Genitor,
560 1181 647 1270 turpi
664 1181 782 1248 durare
795 1199 923 1248 senecta

139 1297 240 1379 Quem
253 1296 338 1360 mihi
350 1296 429 1360 reris
443 1293 570 1378 adhuc,
582 1295 651 1384 ipse
663 1296 724 1360 hac
738 1294 932 1360 occumbere
945 1294 1056 1362 dextre

140 1410 265 1492 lleluit,
282 1425 383 1498 atque
399 1409 488 1474 ultro
506 1430 620 1498 segnes
636 1409 832 1498 abrumpere
848 1423 960 1474 metas.
1123 1432 1162 1472 ³20

138 1525 174 1588 Et
185 1524 244 1588 tibi
257 1524 285 1587 si
298 1525 401 1611 pietus
415 1522 502 1604 usti,
517 1523 544 1586 si
558 1521 670 1587 dextra
684 1522 818 1605 fuuset,

137 1635 226 1702 llaud
236 1617 338 1702 medii
351 1637 500 1725 precihus
513 1651 632 1702 tereres
647 1659 738 1702 nunc
752 1653 899 1726 tempora
914 1637 1007 1720 belli,

138 1751 241 1816 Prode
258 1753 372 1816 future
389 1773 519 1816 canum.
536 1751 654 1816 lureni
672 1773 742 1816 sors
757 1752 901 1840 pulcrior
919 1752 1028 1832 omui3

141 1865 177 1929 Et
187 1882 313 1930 certare
326 1887 428 1930 manu
441 1864 553 1946 decet,
565 1879 599 1929 et
612 1864 751 1929 caruisse
764 1866 914 1953 sepulcro
923 1896 947 1934 »-

130 2067 174 2116 ³05.
188 2068 292 2121 Genitor,
308 2065 478 2128 linquitvatic.
490 2067 581 2111 Boron.
596 2064 666 2110 codd.
682 2073 705 2109 ct
720 2062 774 2109 edd.
792 2072 846 2109 sote
865 2063 929 2110 Gerr.
949 2089 980 2099 —
999 2063 1052 2118 314.
1066 2065 1095 2111 m
1110 2081 1159 2112 cer·

107 2157 160 2194 terte.
174 2147 251 2194 varie.
261 2145 356 2192 Boron.
369 2142 441 2190 codd.
453 2151 476 2191 et
491 2141 545 2190 edd.
565 2152 619 2188 rute
639 2143 705 2189 Gerr.
722 2143 797 2202 Quam
812 2152 918 2188 certasse.
933 2141 986 2188 ΑΜ.
999 2143 1043 2188 Eo.

106 2352 230 2414 utramque
238 2353 264 2394 et
274 2337 443 2412 popularium
453 2349 480 2391 et
488 2337 603 2391 hostium
640 2339 732 2407 ficisset
738 2376 746 2400 ,
759 2337 781 2390 si
793 2335 883 2392 dextra
895 2335 943 2388 filii
953 2337 998 2410 pia
1010 2339 1159 2407 exstitisset,

105 2421 174 2473 eciem
187 2421 298 2490 (hostes
310 2421 381 2474 enim
395 2437 450 2472 uon
464 2417 604 2471 excluden-
648 2417 767 2469 officium
785 2417 890 2469 fecisset
902 2456 911 2481 ‚
924 2421 994 2470 haud
1000 2422 1111 2487 precibus
1129 2409 1163 2474 te·

104 2498 203 2554 dmesse
211 2500 306 2553 suadet
315 2497 467 2574 precedens
479 2501 603 2568 impune),
649 2515 729 2558 reres,
748 2497 874 2549 inutiliter
891 2516 1077 2562 consumeres,
1089 2503 1164 2552 medii

104 2579 177 2630 ἰτεπιω
185 2593 316 2648 peragrat.
508 2571 510 2576 ¹
649 2591 758 2646 tempora
770 2579 838 2636 betti,
852 2576 897 2628 ubi
908 2575 1097 2648 pugnandum,
1107 2599 1161 2632 non

133 2659 189 2711 303.
201 2660 333 2726 opprimit,
346 2655 503 2730 improvisus
514 2653 604 2719 adest,
649 2654 814 2730 precandum
837 2665 895 2718 est,
910 2659 998 2724 preda
1008 2657 1095 2724 ficere
1115 2675 1162 2708 ca·

99 2737 159 2802 feras
168 2735 606 2798 Gesanderadmissis,lexatis‚han
649 2756 716 2790 nutu.
737 2735 891 2788 sarcasmus
915 2734 1008 2804 priscis
1027 2734 1161 2799 solennis,

103 2819 168 2869 teris.
185 2817 230 2870 Sic
249 2815 330 2869 Ovid.
353 2815 462 2870 Metam.
483 2815 513 2881 1,
534 2813 605 2878 532,
648 2815 690 2868 vel
709 2833 739 2866 cx
758 2813 874 2866 Homero
892 2825 984 2876 notus,
998 2811 1068 2884 apud
1082 2833 1161 2887 quern

104 2901 198 2948 smisso
218 2916 315 2964 passm
336 2893 462 2948 ‘tltLie
486 2895 530 2958 Π,
556 2911 604 2962 19,
648 2891 1162 2964 omnino,uticel.cujuslarorelestor

105 2996 176 3040 qun
195 2979 344 3036 adrnitteref
359 2973 465 3036 Noster,
475 2973 513 3040 V,
536 2975 605 3043 5873
650 2976 755 3033 Gurlitt,
768 2969 949 3026 Animndeem.
961 2991 1031 3042 spec.
1042 2973 1070 3038 1,
1079 2973 1161 3045 pet,

105 3050 172 3120 llll,
186 3055 256 3122 139:
270 3054 383 3104 immissis
397 3055 509 3105 laberis.
649 3053 788 3118 observat,
803 3049 895 3104 heroes
909 3049 1029 3122 antiqui,
1048 3049 1069 3102 si
1087 3071 1161 3103 unum

132 3133 183 3195 304.
192 3137 241 3184 Ille
255 3133 326 3182 ἰνήια
344 3151 433 3192 sacra,
453 3129 547 3194 vities,
563 3129 606 3181 rel
649 3136 728 3185 Iccium
738 3130 884 3204 exceperis,
896 3130 989 3184 acerbe
999 3129 1110 3184 illudere
1118 3149 1161 3184 oc·

103 3209 178 3274 elinl,
191 3211 270 3284 quod
288 3209 409 3264 menibus
428 3220 548 3275 teneret,
567 3227 608 3261 sn·
650 3211 709 3269 ciris
723 3211 816 3266 solent.

103 3289 200 3344 cadoni
222 3291 348 3362 insigne,
371 3294 487 3350 tetendit,
515 3303 539 3340 et
561 3293 607 3341 Per
686 3291 847 3345 313.Jttrertt'
863 3306 916 3338 sors
930 3290 1058 3356 pulchrior
1079 3291 1162 3352 ornei,-

102 3371 170 3430 lsne,
190 3373 286 3438 nquit,
305 3371 417 3421 canicies
436 3387 493 3429 oro,
506 3371 605 3437 genitor
649 3375 682 3421 Et
691 3385 782 3422 certare
792 3387 868 3419 tnatttt
878 3370 957 3428 decet,
970 3371 1111 3422 etcarm'sse
1121 3389 1162 3421 se·

103 3449 135 3498 cii
144 3450 165 3499 si
176 3462 275 3510 nana,
290 3448 310 3499 si
326 3461 402 3520 pater
414 3447 461 3500 tibi
474 3445 560 3500 adhuc
578 3447 605 3499 iu
645 3451 739 3518 perlem.
757 3449 893 3501 Obscurus
914 3446 988 3498 locus
1010 3445 1163 3501 Bormanon

103 3527 156 3578 titis
164 3540 222 3591 est,
238 3545 365 3595 compesce
382 3529 479 3586 mitras,
497 3539 520 3576 et
532 3527 607 3577 sicubi
651 3529 735 3592 vitus,
749 3525 821 3600 quod
837 3523 908 3576 idem
926 3535 951 3576 et
969 3524 1035 3580 mihi
1053 3527 1161 3580 accidit.

103 3605 178 3672 (adde
188 3608 325 3676 incideris)
336 3621 394 3656 nato
402 3625 482 3674 parce
490 3625 552 3657 mec.
649 3605 832 3660 Burmannurn
844 3601 988 3656 offendunt
1003 3603 1103 3676 priora:
1116 3609 1161 3676 ju-

131 3686 187 3756 3⁰7·
215 3689 307 3737 contra
328 3687 364 3736 sie
384 3688 467 3736 victor
490 3696 606 3736 armatus
650 3686 780 3738 senisenni
786 3721 794 3742 ,
805 3701 863 3754 quas
876 3693 963 3734 tamen
974 3681 1010 3736 sic
1020 3683 1082 3736 satis
1094 3686 1163 3738 bene

102 3764 186 3816 marni
199 3762 359 3835 respondet:
381 3787 395 3807 ι
408 3767 520 3824 Genitor,
536 3781 606 3830 quem
651 3764 776 3836 explices:
786 3764 912 3833 juvenum
923 3779 995 3814 mors
1002 3762 1110 3816 omnino
1120 3763 1162 3815 lte·

102 3845 158 3911 mpi
180 3858 282 3895 senecta
308 3847 413 3901 marm,
441 3841 607 3914 superstitem
650 3844 735 3896 tieret
745 3841 826 3911 magis
838 3837 943 3891 decora.
959 3839 1014 3910 Ego
1027 3859 1088 3894 vero
1100 3841 1162 3894 ulti·

101 3921 312 3994 scampinam,
325 3924 376 3991 ipse
385 3925 501 3974 laomen
514 3939 608 3972 oecum-
651 3941 695 3978 mn
709 3919 832 3994 expedire
846 3935 900 3970 oon
916 3936 1037 3990 possum:
1055 3923 1163 3972 candere

101 4003 248 4053 leredextra
260 4005 441 4068 natalemque
449 4004 512 4052 ultro
519 4017 607 4068 segnes
652 4007 776 4071 sepulcre,
792 4017 846 4071 quo
867 3996 888 4050 sl
910 4009 1018 4065 carent,
1032 3997 1102 4051 idem
1116 4018 1162 4070 pa·

101 4082 238 4149 &rumpere
248 4095 343 4142 metm
353 4078 426 4132 coni.
437 4097 534 4152 supra,
548 4097 608 4147 ²90,
653 4078 770 4142 tinctus,
785 4075 856 4150 quod
872 4075 1009 4130 Gesander
1021 4076 1076 4130 seui
1087 4088 1162 4130 antee

101 4173 279 4227 mtpamras.
654 4157 780 4220 minatur,
788 4167 818 4209 ut
826 4155 914 4227 preda
922 4155 987 4208 liant
995 4173 1100 4208 canum.
1110 4155 1162 4208 Sed

137 4239 398 4306 transmisimus
410 4241 464 4290 nati
470 4276 478 4299 ,
492 4241 513 4288 si
521 4241 610 4290 dextra
654 4255 703 4290 nec
723 4235 776 4289 hoc
795 4234 885 4288 durius
906 4233 1041 4302 videatur,
1059 4236 1080 4288 si
1096 4235 1161 4308 805-
