<?xml version="1.0" encoding="UTF-8"?>
<!DOCTYPE html PUBLIC "-//W3C//DTD XHTML 1.0 Transitional//EN"
    "http://www.w3.org/TR/xhtml1/DTD/xhtml1-transitional.dtd">
<html xmlns="http://www.w3.org/1999/xhtml" xml:lang="en" lang="en">
 <head>
  <title>
</title>
<meta http-equiv="Content-Type" content="text/html;charset=utf-8" />
  <meta name='ocr-system' content='tesseract 3.04.00' />
  <meta name='ocr-capabilities' content='ocr_page ocr_carea ocr_par ocr_line ocrx_word'/>
</head>
<body>
  <div class='ocr_page' id='page_1' title='image "./cvaleriiflaccis01apolgoog_0102.png"; bbox 0 0 3102 5128; ppageno 0'>
   <div class='ocr_carea' id='block_1_1' title="bbox 292 467 1127 556">
    <p class='ocr_par' dir='ltr' id='par_1_1' title="bbox 292 467 1127 556">
     <span class='ocr_line' id='line_1_1' title="bbox 292 467 1127 556; baseline 0.002 -24"><span class='ocrx_word' id='word_1_1' title='bbox 292 467 681 533; x_wconf 75' lang='lat' dir='ltr'>inconnurtcon</span> <span class='ocrx_word' id='word_1_2' title='bbox 708 469 792 534; x_wconf 79' lang='lat' dir='ltr'>utu.</span> <span class='ocrx_word' id='word_1_3' title='bbox 816 469 896 533; x_wconf 90' lang='lat' dir='ltr'>vtt.</span> <span class='ocrx_word' id='word_1_4' title='bbox 1085 471 1127 556; x_wconf 81' lang='lat'>9³</span> 
     </span>
    </p>
   </div>
   <div class='ocr_carea' id='block_1_2' title="bbox 77 581 1199 2590">
    <p class='ocr_par' dir='ltr' id='par_1_2' title="bbox 77 581 1199 2590">
     <span class='ocr_line' id='line_1_2' title="bbox 145 581 1126 660; baseline 0.002 -20"><span class='ocrx_word' id='word_1_5' title='bbox 145 581 238 640; x_wconf 76' lang='lat' dir='ltr'>Attoniti</span> <span class='ocrx_word' id='word_1_6' title='bbox 249 582 362 659; x_wconf 86' lang='lat' dir='ltr'>utrique</span> <span class='ocrx_word' id='word_1_7' title='bbox 375 593 502 640; x_wconf 84' lang='lat' dir='ltr'>amantes</span> <span class='ocrx_word' id='word_1_8' title='bbox 513 593 613 640; x_wconf 88' lang='lat' dir='ltr'>contra</span> <span class='ocrx_word' id='word_1_9' title='bbox 625 600 656 640; x_wconf 88' lang='lat' dir='ltr'>se</span> <span class='ocrx_word' id='word_1_10' title='bbox 669 593 774 640; x_wconf 79' lang='lat' dir='ltr'>statues</span> <span class='ocrx_word' id='word_1_11' title='bbox 783 583 880 653; x_wconf 89' lang='lat' dir='ltr'>silent;</span> <span class='ocrx_word' id='word_1_12' title='bbox 890 582 972 660; x_wconf 88' lang='lat' dir='ltr'>prior</span> <span class='ocrx_word' id='word_1_13' title='bbox 983 583 1126 644; x_wconf 90' lang='lat' dir='ltr'>silentium</span> 
     </span>
     <span class='ocr_line' id='line_1_3' title="bbox 143 672 1127 752; baseline 0.003 -20"><span class='ocrx_word' id='word_1_14' title='bbox 143 675 225 751; x_wconf 70' lang='lat' dir='ltr'>nnpu</span> <span class='ocrx_word' id='word_1_15' title='bbox 235 679 339 745; x_wconf 77' lang='lat' dir='ltr'>Isson,</span> <span class='ocrx_word' id='word_1_16' title='bbox 350 674 489 751; x_wconf 87' lang='lat' dir='ltr'>querulus</span> <span class='ocrx_word' id='word_1_17' title='bbox 504 686 596 732; x_wconf 90' lang='lat' dir='ltr'>tamen</span> <span class='ocrx_word' id='word_1_18' title='bbox 609 673 698 751; x_wconf 76' lang='lat' dir='ltr'>magis</span> <span class='ocrx_word' id='word_1_19' title='bbox 705 673 847 752; x_wconf 71' lang='lat' dir='ltr'>justeque</span> <span class='ocrx_word' id='word_1_20' title='bbox 860 672 1006 734; x_wconf 89' lang='lat' dir='ltr'>confidens</span> <span class='ocrx_word' id='word_1_21' title='bbox 1022 695 1127 746; x_wconf 85' lang='lat' dir='ltr'>causae,</span> 
     </span>
     <span class='ocr_line' id='line_1_4' title="bbox 144 765 1127 846; baseline 0.002 -22"><span class='ocrx_word' id='word_1_22' title='bbox 144 785 206 844; x_wconf 79' lang='lat' dir='ltr'>pient</span> <span class='ocrx_word' id='word_1_23' title='bbox 217 767 351 845; x_wconf 80' lang='lat' dir='ltr'>supplex,</span> <span class='ocrx_word' id='word_1_24' title='bbox 362 775 443 836; x_wconf 64' lang='lat' dir='ltr'>too-</span> <span class='ocrx_word' id='word_1_25' title='bbox 452 767 519 835; x_wconf 74' lang='lat'><strong>430.</strong></span> <span class='ocrx_word' id='word_1_26' title='bbox 531 765 576 826; x_wconf 73' lang='lat' dir='ltr'>Ad</span> <span class='ocrx_word' id='word_1_27' title='bbox 590 766 652 824; x_wconf 84' lang='lat' dir='ltr'>haec</span> <span class='ocrx_word' id='word_1_28' title='bbox 665 765 769 824; x_wconf 89' lang='lat' dir='ltr'>Medea</span> <span class='ocrx_word' id='word_1_29' title='bbox 780 785 841 844; x_wconf 82' lang='lat' dir='ltr'>prae</span> <span class='ocrx_word' id='word_1_30' title='bbox 855 765 970 843; x_wconf 89' lang='lat' dir='ltr'>pudore</span> <span class='ocrx_word' id='word_1_31' title='bbox 981 767 1031 826; x_wconf 84' lang='lat' dir='ltr'>vix</span> <span class='ocrx_word' id='word_1_32' title='bbox 1046 769 1127 846; x_wconf 89' lang='lat' dir='ltr'>loqui</span> 
     </span>
     <span class='ocr_line' id='line_1_5' title="bbox 143 856 1128 936; baseline 0.004 -20"><span class='ocrx_word' id='word_1_33' title='bbox 143 858 263 928; x_wconf 74' lang='lat' dir='ltr'>eminens,</span> <span class='ocrx_word' id='word_1_34' title='bbox 273 859 314 916; x_wconf 87' lang='lat' dir='ltr'>ita</span> <span class='ocrx_word' id='word_1_35' title='bbox 326 858 442 916; x_wconf 74' lang='lat' dir='ltr'>tandem</span> <span class='ocrx_word' id='word_1_36' title='bbox 452 856 616 935; x_wconf 83' lang='lat' dir='ltr'>respondet,</span> <span class='ocrx_word' id='word_1_37' title='bbox 626 871 658 916; x_wconf 89' lang='lat' dir='ltr'>ut</span> <span class='ocrx_word' id='word_1_38' title='bbox 668 877 719 916; x_wconf 87' lang='lat' dir='ltr'>sua</span> <span class='ocrx_word' id='word_1_39' title='bbox 726 859 816 936; x_wconf 89' lang='lat' dir='ltr'>ipsius</span> <span class='ocrx_word' id='word_1_40' title='bbox 826 856 941 930; x_wconf 82' lang='lat' dir='ltr'>virtute,</span> <span class='ocrx_word' id='word_1_41' title='bbox 953 861 999 918; x_wconf 84' lang='lat' dir='ltr'>vel</span> <span class='ocrx_word' id='word_1_42' title='bbox 1011 859 1128 920; x_wconf 89' lang='lat' dir='ltr'>dearum</span> 
     </span>
     <span class='ocr_line' id='line_1_6' title="bbox 144 948 1130 1027; baseline 0.008 -23"><span class='ocrx_word' id='word_1_43' title='bbox 144 948 225 1006; x_wconf 73' lang='lat' dir='ltr'>anulio</span> <span class='ocrx_word' id='word_1_44' title='bbox 234 953 370 1007; x_wconf 75' lang='lat' dir='ltr'>Iasonem</span> <span class='ocrx_word' id='word_1_45' title='bbox 382 949 462 1007; x_wconf 84' lang='lat' dir='ltr'>malit</span> <span class='ocrx_word' id='word_1_46' title='bbox 476 949 612 1026; x_wconf 77' lang='lat' dir='ltr'>periculis</span> <span class='ocrx_word' id='word_1_47' title='bbox 625 968 687 1013; x_wconf 83' lang='lat' dir='ltr'>sese</span> <span class='ocrx_word' id='word_1_48' title='bbox 702 948 857 1027; x_wconf 80' lang='lat' dir='ltr'>expedire3</span> <span class='ocrx_word' id='word_1_49' title='bbox 877 949 1074 1011; x_wconf 74' lang='lat' dir='ltr'><strong>misericordia</strong></span> <span class='ocrx_word' id='word_1_50' title='bbox 1089 967 1130 1012; x_wconf 83' lang='lat' dir='ltr'>to-</span> 
     </span>
     <span class='ocr_line' id='line_1_7' title="bbox 143 1039 1129 1119; baseline 0.007 -22"><span class='ocrx_word' id='word_1_51' title='bbox 143 1059 188 1097; x_wconf 83' lang='lat' dir='ltr'>nen</span> <span class='ocrx_word' id='word_1_52' title='bbox 199 1039 308 1100; x_wconf 86' lang='lat' dir='ltr'>ductam</span> <span class='ocrx_word' id='word_1_53' title='bbox 319 1039 511 1100; x_wconf 82' lang='lat' dir='ltr'><strong>medicamina</strong></span> <span class='ocrx_word' id='word_1_54' title='bbox 523 1040 654 1119; x_wconf 72' lang='lat' dir='ltr'>quedam</span> <span class='ocrx_word' id='word_1_55' title='bbox 665 1061 760 1100; x_wconf 88' lang='lat' dir='ltr'>seeum</span> <span class='ocrx_word' id='word_1_56' title='bbox 770 1043 857 1100; x_wconf 82' lang='lat' dir='ltr'>allata</span> <span class='ocrx_word' id='word_1_57' title='bbox 868 1043 908 1100; x_wconf 90' lang='lat' dir='ltr'>ait</span> <span class='ocrx_word' id='word_1_58' title='bbox 919 1042 1031 1102; x_wconf 87' lang='lat' dir='ltr'>tradere</span> <span class='ocrx_word' id='word_1_59' title='bbox 1046 1046 1129 1118; x_wconf 87' lang='lat' dir='ltr'>velie,</span> 
     </span>
     <span class='ocr_line' id='line_1_8' title="bbox 143 1131 1130 1212; baseline 0.006 -22"><span class='ocrx_word' id='word_1_60' title='bbox 143 1134 257 1202; x_wconf 74' lang='lat' dir='ltr'>tor-too.</span> <span class='ocrx_word' id='word_1_61' title='bbox 267 1132 384 1212; x_wconf 88' lang='lat' dir='ltr'>Cupide</span> <span class='ocrx_word' id='word_1_62' title='bbox 394 1131 456 1192; x_wconf 86' lang='lat' dir='ltr'>haec</span> <span class='ocrx_word' id='word_1_63' title='bbox 470 1133 572 1211; x_wconf 79' lang='lat' dir='ltr'>arripit</span> <span class='ocrx_word' id='word_1_64' title='bbox 582 1138 685 1204; x_wconf 81' lang='lat' dir='ltr'>Jason3</span> <span class='ocrx_word' id='word_1_65' title='bbox 695 1153 778 1192; x_wconf 91' lang='lat' dir='ltr'>usum</span> <span class='ocrx_word' id='word_1_66' title='bbox 788 1153 889 1192; x_wconf 89' lang='lat' dir='ltr'>eorum</span> <span class='ocrx_word' id='word_1_67' title='bbox 900 1134 1002 1194; x_wconf 83' lang='lat' dir='ltr'>edocet</span> <span class='ocrx_word' id='word_1_68' title='bbox 1010 1135 1130 1208; x_wconf 80' lang='lat' dir='ltr'>Medea,</span> 
     </span>
     <span class='ocr_line' id='line_1_9' title="bbox 141 1224 1130 1308; baseline 0.002 -24"><span class='ocrx_word' id='word_1_69' title='bbox 141 1245 199 1284; x_wconf 81' lang='lat' dir='ltr'>orna</span> <span class='ocrx_word' id='word_1_70' title='bbox 210 1225 341 1284; x_wconf 84' lang='lat' dir='ltr'>cantibus</span> <span class='ocrx_word' id='word_1_71' title='bbox 355 1238 504 1284; x_wconf 86' lang='lat' dir='ltr'>consecrat</span> <span class='ocrx_word' id='word_1_72' title='bbox 516 1225 645 1308; x_wconf 75' lang='lat' dir='ltr'>magicis,</span> <span class='ocrx_word' id='word_1_73' title='bbox 658 1225 809 1303; x_wconf 85' lang='lat' dir='ltr'>ipsumque</span> <span class='ocrx_word' id='word_1_74' title='bbox 821 1224 1015 1284; x_wconf 83' lang='lat' dir='ltr'>inviolabilem</span> <span class='ocrx_word' id='word_1_75' title='bbox 1027 1227 1130 1300; x_wconf 78' lang='lat' dir='ltr'>reddit,</span> 
     </span>
     <span class='ocr_line' id='line_1_10' title="bbox 142 1313 1199 1394; baseline 0.009 -24"><span class='ocrx_word' id='word_1_76' title='bbox 142 1313 428 1387; x_wconf 73' lang='lat' dir='ltr'>tit-t7o.1nterhaec</span> <span class='ocrx_word' id='word_1_77' title='bbox 446 1315 523 1375; x_wconf 88' lang='lat' dir='ltr'>subit</span> <span class='ocrx_word' id='word_1_78' title='bbox 535 1317 674 1389; x_wconf 90' lang='lat' dir='ltr'>animum,</span> <span class='ocrx_word' id='word_1_79' title='bbox 692 1317 755 1376; x_wconf 87' lang='lat' dir='ltr'>fieri</span> <span class='ocrx_word' id='word_1_80' title='bbox 775 1330 869 1375; x_wconf 81' lang='lat' dir='ltr'>temen</span> <span class='ocrx_word' id='word_1_81' title='bbox 884 1335 985 1394; x_wconf 86' lang='lat' dir='ltr'>posse,</span> <span class='ocrx_word' id='word_1_82' title='bbox 1001 1331 1033 1376; x_wconf 90' lang='lat' dir='ltr'>ut</span> <span class='ocrx_word' id='word_1_83' title='bbox 1045 1324 1132 1379; x_wconf 79' lang='lat' dir='ltr'>lason</span> <span class='ocrx_word' id='word_1_84' title='bbox 1197 1339 1199 1350; x_wconf 91' lang='lat'>·</span> 
     </span>
     <span class='ocr_line' id='line_1_11' title="bbox 141 1408 1132 1487; baseline 0.009 -25"><span class='ocrx_word' id='word_1_85' title='bbox 141 1409 226 1485; x_wconf 76' lang='lat' dir='ltr'>recepti</span> <span class='ocrx_word' id='word_1_86' title='bbox 236 1408 371 1468; x_wconf 83' lang='lat' dir='ltr'>beneficii</span> <span class='ocrx_word' id='word_1_87' title='bbox 386 1409 535 1468; x_wconf 89' lang='lat' dir='ltr'>immemor</span> <span class='ocrx_word' id='word_1_88' title='bbox 548 1429 577 1468; x_wconf 87' lang='lat' dir='ltr'>se</span> <span class='ocrx_word' id='word_1_89' title='bbox 590 1409 718 1482; x_wconf 81' lang='lat' dir='ltr'>deserat3</span> <span class='ocrx_word' id='word_1_90' title='bbox 735 1408 815 1487; x_wconf 92' lang='lat' dir='ltr'>quod</span> <span class='ocrx_word' id='word_1_91' title='bbox 829 1429 985 1486; x_wconf 87' lang='lat' dir='ltr'>numquam</span> <span class='ocrx_word' id='word_1_92' title='bbox 993 1431 1024 1468; x_wconf 88' lang='lat' dir='ltr'>se</span> <span class='ocrx_word' id='word_1_93' title='bbox 1038 1413 1132 1472; x_wconf 81' lang='lat' dir='ltr'>factu-</span> 
     </span>
     <span class='ocr_line' id='line_1_12' title="bbox 141 1500 1133 1579; baseline 0.007 -23"><span class='ocrx_word' id='word_1_94' title='bbox 141 1517 187 1556; x_wconf 86' lang='lat' dir='ltr'>tum</span> <span class='ocrx_word' id='word_1_95' title='bbox 198 1500 239 1558; x_wconf 89' lang='lat' dir='ltr'>bic</span> <span class='ocrx_word' id='word_1_96' title='bbox 253 1500 402 1579; x_wconf 86' lang='lat' dir='ltr'>promittit</span> <span class='ocrx_word' id='word_1_97' title='bbox 414 1501 604 1573; x_wconf 79' lang='lat' dir='ltr'>sanctissime,</span> <span class='ocrx_word' id='word_1_98' title='bbox 622 1501 781 1574; x_wconf 71' lang='lat'>473-510.</span> <span class='ocrx_word' id='word_1_99' title='bbox 798 1505 848 1572; x_wconf 91' lang='lat' dir='ltr'>Ut,</span> <span class='ocrx_word' id='word_1_100' title='bbox 862 1519 949 1578; x_wconf 82' lang='lat' dir='ltr'>quam</span> <span class='ocrx_word' id='word_1_101' title='bbox 967 1503 1082 1562; x_wconf 88' lang='lat' dir='ltr'>timidus</span> <span class='ocrx_word' id='word_1_102' title='bbox 1097 1505 1133 1563; x_wconf 87' lang='lat' dir='ltr'>sit</span> 
     </span>
     <span class='ocr_line' id='line_1_13' title="bbox 141 1591 1134 1672; baseline 0.011 -28"><span class='ocrx_word' id='word_1_103' title='bbox 141 1591 229 1650; x_wconf 72' lang='lat' dir='ltr'>velleris</span> <span class='ocrx_word' id='word_1_104' title='bbox 239 1607 339 1652; x_wconf 83' lang='lat' dir='ltr'>custos</span> <span class='ocrx_word' id='word_1_105' title='bbox 353 1591 441 1652; x_wconf 89' lang='lat' dir='ltr'>draco</span> <span class='ocrx_word' id='word_1_106' title='bbox 450 1635 459 1664; x_wconf 93' lang='lat'>,</span> <span class='ocrx_word' id='word_1_107' title='bbox 469 1597 486 1651; x_wconf 91' lang='lat' dir='ltr'>J</span> <span class='ocrx_word' id='word_1_108' title='bbox 488 1593 568 1652; x_wconf 89' lang='lat' dir='ltr'>asoni</span> <span class='ocrx_word' id='word_1_109' title='bbox 576 1594 803 1672; x_wconf 85' lang='lat' dir='ltr'>experimentum</span> <span class='ocrx_word' id='word_1_110' title='bbox 813 1592 895 1651; x_wconf 82' lang='lat' dir='ltr'>daret</span> <span class='ocrx_word' id='word_1_111' title='bbox 905 1593 1024 1667; x_wconf 83' lang='lat' dir='ltr'>Medea,</span> <span class='ocrx_word' id='word_1_112' title='bbox 1037 1594 1134 1655; x_wconf 84' lang='lat' dir='ltr'>turbat</span> 
     </span>
     <span class='ocr_line' id='line_1_14' title="bbox 77 1683 1133 1764; baseline 0.009 -27"><span class='ocrx_word' id='word_1_113' title='bbox 77 1697 78 1710; x_wconf 62' lang='lat'>¹</span> <span class='ocrx_word' id='word_1_114' title='bbox 141 1683 361 1756; x_wconf 74' lang='lat' dir='ltr'>illuminrentem</span> <span class='ocrx_word' id='word_1_115' title='bbox 370 1684 1133 1764; x_wconf 57' lang='lat' dir='ltr'>reprimitettnndeminurbemrevertitur‚511·538.</span> 
     </span>
     <span class='ocr_line' id='line_1_15' title="bbox 142 1777 1133 1856; baseline 0.01 -25"><span class='ocrx_word' id='word_1_116' title='bbox 142 1777 230 1835; x_wconf 75' lang='lat' dir='ltr'>hurso</span> <span class='ocrx_word' id='word_1_117' title='bbox 246 1799 301 1836; x_wconf 76' lang='lat' dir='ltr'>rex</span> <span class='ocrx_word' id='word_1_118' title='bbox 321 1783 418 1836; x_wconf 84' lang='lat' dir='ltr'>AEetes</span> <span class='ocrx_word' id='word_1_119' title='bbox 433 1791 523 1836; x_wconf 89' lang='lat' dir='ltr'>noctu</span> <span class='ocrx_word' id='word_1_120' title='bbox 536 1779 655 1837; x_wconf 85' lang='lat' dir='ltr'>salutem</span> <span class='ocrx_word' id='word_1_121' title='bbox 673 1778 740 1856; x_wconf 84' lang='lat' dir='ltr'>suga</span> <span class='ocrx_word' id='word_1_122' title='bbox 754 1779 870 1856; x_wconf 86' lang='lat' dir='ltr'>petiisse</span> <span class='ocrx_word' id='word_1_123' title='bbox 887 1783 1020 1838; x_wconf 87' lang='lat' dir='ltr'>Jasonem</span> <span class='ocrx_word' id='word_1_124' title='bbox 1038 1794 1133 1854; x_wconf 86' lang='lat' dir='ltr'>ratus,</span> 
     </span>
     <span class='ocr_line' id='line_1_16' title="bbox 140 1867 1133 1951; baseline 0.009 -26"><span class='ocrx_word' id='word_1_125' title='bbox 140 1867 211 1942; x_wconf 82' lang='lat' dir='ltr'>ptimo</span> <span class='ocrx_word' id='word_1_126' title='bbox 224 1889 310 1928; x_wconf 85' lang='lat' dir='ltr'>mane</span> <span class='ocrx_word' id='word_1_127' title='bbox 324 1869 455 1930; x_wconf 77' lang='lat' dir='ltr'>Echione</span> <span class='ocrx_word' id='word_1_128' title='bbox 463 1875 674 1948; x_wconf 67' lang='lat' dir='ltr'>Argonautam,</span> <span class='ocrx_word' id='word_1_129' title='bbox 685 1872 735 1948; x_wconf 86' lang='lat' dir='ltr'>qni</span> <span class='ocrx_word' id='word_1_130' title='bbox 745 1876 880 1931; x_wconf 72' lang='lat' dir='ltr'>Iasonem</span> <span class='ocrx_word' id='word_1_131' title='bbox 887 1891 991 1950; x_wconf 74' lang='lat' dir='ltr'>pugnae</span> <span class='ocrx_word' id='word_1_132' title='bbox 1002 1888 1133 1951; x_wconf 74' lang='lat' dir='ltr'>parsurm</span> 
     </span>
     <span class='ocr_line' id='line_1_17' title="bbox 138 1960 1133 2044; baseline 0.006 -26"><span class='ocrx_word' id='word_1_133' title='bbox 138 1971 194 2018; x_wconf 76' lang='lat' dir='ltr'>onte</span> <span class='ocrx_word' id='word_1_134' title='bbox 205 1963 328 2033; x_wconf 78' lang='lat' dir='ltr'>nuntiet,</span> <span class='ocrx_word' id='word_1_135' title='bbox 344 1961 443 2021; x_wconf 78' lang='lat' dir='ltr'>adesse</span> <span class='ocrx_word' id='word_1_136' title='bbox 459 1960 555 2033; x_wconf 79' lang='lat' dir='ltr'>ridet3</span> <span class='ocrx_word' id='word_1_137' title='bbox 571 1975 668 2022; x_wconf 87' lang='lat' dir='ltr'>tauros</span> <span class='ocrx_word' id='word_1_138' title='bbox 681 1962 769 2040; x_wconf 79' lang='lat' dir='ltr'>igitur</span> <span class='ocrx_word' id='word_1_139' title='bbox 781 1963 887 2035; x_wconf 86' lang='lat' dir='ltr'>emitti,</span> <span class='ocrx_word' id='word_1_140' title='bbox 901 1976 931 2022; x_wconf 89' lang='lat' dir='ltr'>et</span> <span class='ocrx_word' id='word_1_141' title='bbox 944 1966 1052 2024; x_wconf 87' lang='lat' dir='ltr'>semion</span> <span class='ocrx_word' id='word_1_142' title='bbox 1062 1985 1133 2044; x_wconf 91' lang='lat' dir='ltr'>pro-</span> 
     </span>
     <span class='ocr_line' id='line_1_18' title="bbox 140 2051 1134 2136; baseline 0.009 -28"><span class='ocrx_word' id='word_1_143' title='bbox 140 2051 166 2108; x_wconf 88' lang='lat' dir='ltr'>ni</span> <span class='ocrx_word' id='word_1_144' title='bbox 186 2053 275 2130; x_wconf 85' lang='lat' dir='ltr'>jubet,</span> <span class='ocrx_word' id='word_1_145' title='bbox 305 2055 444 2130; x_wconf 82' lang='lat'><strong>539-663.</strong></span> <span class='ocrx_word' id='word_1_146' title='bbox 466 2059 600 2112; x_wconf 85' lang='lat' dir='ltr'>Ruuntc</span> <span class='ocrx_word' id='word_1_147' title='bbox 622 2053 742 2112; x_wconf 86' lang='lat' dir='ltr'>stabulis</span> <span class='ocrx_word' id='word_1_148' title='bbox 763 2055 855 2126; x_wconf 87' lang='lat' dir='ltr'>tauri,</span> <span class='ocrx_word' id='word_1_149' title='bbox 881 2070 911 2115; x_wconf 87' lang='lat' dir='ltr'>et</span> <span class='ocrx_word' id='word_1_150' title='bbox 930 2076 985 2134; x_wconf 89' lang='lat' dir='ltr'>per</span> <span class='ocrx_word' id='word_1_151' title='bbox 1002 2077 1134 2136; x_wconf 80' lang='lat' dir='ltr'>campum</span> 
     </span>
     <span class='ocr_line' id='line_1_19' title="bbox 137 2145 1133 2226; baseline 0.003 -22"><span class='ocrx_word' id='word_1_152' title='bbox 137 2159 295 2218; x_wconf 62' lang='lat' dir='ltr'>promtum</span> <span class='ocrx_word' id='word_1_153' title='bbox 313 2147 429 2204; x_wconf 84' lang='lat' dir='ltr'>coerciti</span> <span class='ocrx_word' id='word_1_154' title='bbox 443 2159 536 2204; x_wconf 87' lang='lat' dir='ltr'>tamen</span> <span class='ocrx_word' id='word_1_155' title='bbox 548 2145 709 2224; x_wconf 85' lang='lat' dir='ltr'>junguntur</span> <span class='ocrx_word' id='word_1_156' title='bbox 717 2157 824 2218; x_wconf 87' lang='lat' dir='ltr'>aratro,</span> <span class='ocrx_word' id='word_1_157' title='bbox 836 2145 976 2216; x_wconf 72' lang='lat' dir='ltr'>tot-606.</span> <span class='ocrx_word' id='word_1_158' title='bbox 986 2153 1078 2226; x_wconf 83' lang='lat' dir='ltr'>AEque</span> <span class='ocrx_word' id='word_1_159' title='bbox 1093 2149 1133 2207; x_wconf 89' lang='lat' dir='ltr'>sc-</span> 
     </span>
     <span class='ocr_line' id='line_1_20' title="bbox 139 2233 1134 2317; baseline 0.009 -27"><span class='ocrx_word' id='word_1_160' title='bbox 139 2233 211 2295; x_wconf 85' lang='lat' dir='ltr'>iciter</span> <span class='ocrx_word' id='word_1_161' title='bbox 220 2250 384 2317; x_wconf 82' lang='lat' dir='ltr'>prognatos</span> <span class='ocrx_word' id='word_1_162' title='bbox 401 2257 418 2296; x_wconf 86' lang='lat' dir='ltr'>tt</span> <span class='ocrx_word' id='word_1_163' title='bbox 431 2237 538 2296; x_wconf 89' lang='lat' dir='ltr'>semine</span> <span class='ocrx_word' id='word_1_164' title='bbox 550 2257 650 2316; x_wconf 83' lang='lat' dir='ltr'>sparso</span> <span class='ocrx_word' id='word_1_165' title='bbox 662 2238 833 2316; x_wconf 82' lang='lat' dir='ltr'>terrigenas,</span> <span class='ocrx_word' id='word_1_166' title='bbox 848 2236 1002 2315; x_wconf 79' lang='lat' dir='ltr'>adjuvante</span> <span class='ocrx_word' id='word_1_167' title='bbox 1014 2240 1134 2313; x_wconf 87' lang='lat' dir='ltr'>Medea,</span> 
     </span>
     <span class='ocr_line' id='line_1_21' title="bbox 137 2325 1135 2407; baseline 0.006 -24"><span class='ocrx_word' id='word_1_168' title='bbox 137 2325 270 2389; x_wconf 79' lang='lat' dir='ltr'>obtruncat</span> <span class='ocrx_word' id='word_1_169' title='bbox 282 2335 391 2401; x_wconf 76' lang='lat' dir='ltr'>lason,</span> <span class='ocrx_word' id='word_1_170' title='bbox 405 2330 452 2387; x_wconf 84' lang='lat' dir='ltr'>vel</span> <span class='ocrx_word' id='word_1_171' title='bbox 463 2330 503 2387; x_wconf 90' lang='lat' dir='ltr'>ita</span> <span class='ocrx_word' id='word_1_172' title='bbox 513 2329 675 2401; x_wconf 87' lang='lat' dir='ltr'>committit,</span> <span class='ocrx_word' id='word_1_173' title='bbox 685 2343 717 2388; x_wconf 93' lang='lat' dir='ltr'>ut</span> <span class='ocrx_word' id='word_1_174' title='bbox 729 2348 760 2386; x_wconf 86' lang='lat' dir='ltr'>se</span> <span class='ocrx_word' id='word_1_175' title='bbox 773 2329 893 2388; x_wconf 82' lang='lat' dir='ltr'>invicem</span> <span class='ocrx_word' id='word_1_176' title='bbox 904 2329 960 2407; x_wconf 90' lang='lat' dir='ltr'>ipsi</span> <span class='ocrx_word' id='word_1_177' title='bbox 971 2331 1135 2404; x_wconf 87' lang='lat' dir='ltr'>conficiant,</span> 
     </span>
     <span class='ocr_line' id='line_1_22' title="bbox 138 2417 1136 2499; baseline 0.005 -23"><span class='ocrx_word' id='word_1_178' title='bbox 138 2417 266 2498; x_wconf 75' lang='lat'><strong>607-639.</strong></span> <span class='ocrx_word' id='word_1_179' title='bbox 281 2425 382 2482; x_wconf 82' lang='lat' dir='ltr'>AEetes</span> <span class='ocrx_word' id='word_1_180' title='bbox 395 2433 507 2499; x_wconf 90' lang='lat' dir='ltr'>stupet;</span> <span class='ocrx_word' id='word_1_181' title='bbox 521 2434 550 2479; x_wconf 91' lang='lat' dir='ltr'>et</span> <span class='ocrx_word' id='word_1_182' title='bbox 569 2426 656 2482; x_wconf 89' lang='lat' dir='ltr'>Jasou</span> <span class='ocrx_word' id='word_1_183' title='bbox 677 2421 802 2480; x_wconf 81' lang='lat' dir='ltr'>clamore</span> <span class='ocrx_word' id='word_1_184' title='bbox 819 2421 965 2480; x_wconf 87' lang='lat' dir='ltr'>sociorum</span> <span class='ocrx_word' id='word_1_185' title='bbox 979 2423 1136 2486; x_wconf 81' lang='lat' dir='ltr'>latentium</span> 
     </span>
     <span class='ocr_line' id='line_1_23' title="bbox 137 2512 439 2590; baseline 0.003 -22"><span class='ocrx_word' id='word_1_186' title='bbox 137 2512 274 2590; x_wconf 76' lang='lat' dir='ltr'>excipitur,</span> <span class='ocrx_word' id='word_1_187' title='bbox 291 2512 439 2582; x_wconf 68' lang='lat' dir='ltr'>dio-653.</span> 
     </span>
    </p>
   </div>
   <div class='ocr_carea' id='block_1_3' title="bbox 136 2635 1034 3104">
    <p class='ocr_par' dir='ltr' id='par_1_3' title="bbox 137 2635 1034 2990">
     <span class='ocr_line' id='line_1_24' title="bbox 140 2635 1034 2760; baseline -0.006 -24"><span class='ocrx_word' id='word_1_188' title='bbox 140 2635 193 2736; x_wconf 79' lang='lat' dir='ltr'>Ta</span> <span class='ocrx_word' id='word_1_189' title='bbox 207 2693 346 2760; x_wconf 82' lang='lat' dir='ltr'>quoque</span> <span class='ocrx_word' id='word_1_190' title='bbox 359 2671 541 2736; x_wconf 84' lang='lat' dir='ltr'>Thessalico</span> <span class='ocrx_word' id='word_1_191' title='bbox 551 2671 616 2750; x_wconf 86' lang='lat' dir='ltr'>jam</span> <span class='ocrx_word' id='word_1_192' title='bbox 629 2693 718 2735; x_wconf 90' lang='lat' dir='ltr'>serus</span> <span class='ocrx_word' id='word_1_193' title='bbox 732 2671 772 2734; x_wconf 86' lang='lat' dir='ltr'>ab</span> <span class='ocrx_word' id='word_1_194' title='bbox 785 2670 910 2758; x_wconf 88' lang='lat' dir='ltr'>hospite</span> <span class='ocrx_word' id='word_1_195' title='bbox 921 2690 1034 2756; x_wconf 82' lang='lat' dir='ltr'>vesper</span> 
     </span>
     <span class='ocr_line' id='line_1_25' title="bbox 138 2783 986 2875; baseline -0.001 -29"><span class='ocrx_word' id='word_1_196' title='bbox 138 2783 258 2870; x_wconf 82' lang='lat' dir='ltr'>Dividit,</span> <span class='ocrx_word' id='word_1_197' title='bbox 274 2803 309 2850; x_wconf 90' lang='lat' dir='ltr'>et</span> <span class='ocrx_word' id='word_1_198' title='bbox 325 2803 357 2850; x_wconf 88' lang='lat' dir='ltr'>te</span> <span class='ocrx_word' id='word_1_199' title='bbox 367 2787 433 2865; x_wconf 84' lang='lat' dir='ltr'>jam</span> <span class='ocrx_word' id='word_1_200' title='bbox 446 2802 499 2852; x_wconf 83' lang='lat' dir='ltr'>tua</span> <span class='ocrx_word' id='word_1_201' title='bbox 510 2785 643 2875; x_wconf 84' lang='lat' dir='ltr'>gaudia,</span> <span class='ocrx_word' id='word_1_202' title='bbox 659 2787 767 2873; x_wconf 84' lang='lat' dir='ltr'>virgo,</span> <span class='ocrx_word' id='word_1_203' title='bbox 779 2785 986 2870; x_wconf 89' lang='lat' dir='ltr'>relinquunt,</span> 
     </span>
     <span class='ocr_line' id='line_1_26' title="bbox 137 2898 908 2990; baseline 0 -28"><span class='ocrx_word' id='word_1_204' title='bbox 137 2898 261 2990; x_wconf 85' lang='lat' dir='ltr'>Noxque</span> <span class='ocrx_word' id='word_1_205' title='bbox 277 2903 362 2982; x_wconf 89' lang='lat' dir='ltr'>ruit,</span> <span class='ocrx_word' id='word_1_206' title='bbox 378 2902 439 2966; x_wconf 88' lang='lat' dir='ltr'>soli</span> <span class='ocrx_word' id='word_1_207' title='bbox 451 2903 581 2965; x_wconf 80' lang='lat' dir='ltr'>veniens</span> <span class='ocrx_word' id='word_1_208' title='bbox 595 2923 662 2965; x_wconf 88' lang='lat' dir='ltr'>non</span> <span class='ocrx_word' id='word_1_209' title='bbox 678 2900 763 2963; x_wconf 88' lang='lat' dir='ltr'>mitis</span> <span class='ocrx_word' id='word_1_210' title='bbox 779 2899 908 2963; x_wconf 88' lang='lat' dir='ltr'>amanti.</span> 
     </span>
    </p>

    <p class='ocr_par' dir='ltr' id='par_1_4' title="bbox 136 3011 948 3104">
     <span class='ocr_line' id='line_1_27' title="bbox 136 3011 948 3104; baseline -0.006 -23"><span class='ocrx_word' id='word_1_211' title='bbox 136 3011 206 3104; x_wconf 71' lang='lat' dir='ltr'>Ergo</span> <span class='ocrx_word' id='word_1_212' title='bbox 221 3017 305 3096; x_wconf 90' lang='lat' dir='ltr'>ubi,</span> <span class='ocrx_word' id='word_1_213' title='bbox 324 3015 480 3079; x_wconf 85' lang='lat' dir='ltr'>cunctatis</span> <span class='ocrx_word' id='word_1_214' title='bbox 494 3031 635 3080; x_wconf 79' lang='lat' dir='ltr'>extremo</span> <span class='ocrx_word' id='word_1_215' title='bbox 648 3014 681 3078; x_wconf 92' lang='lat' dir='ltr'>in</span> <span class='ocrx_word' id='word_1_216' title='bbox 694 3013 804 3078; x_wconf 88' lang='lat' dir='ltr'>limine</span> <span class='ocrx_word' id='word_1_217' title='bbox 817 3013 948 3101; x_wconf 88' lang='lat' dir='ltr'>plantis,</span> 
     </span>
    </p>
   </div>
   <div class='ocr_carea' id='block_1_4' title="bbox 103 3165 1138 3303">
    <p class='ocr_par' dir='ltr' id='par_1_5' title="bbox 103 3165 1138 3303">
     <span class='ocr_line' id='line_1_28' title="bbox 128 3165 1138 3230; baseline 0.002 -21"><span class='ocrx_word' id='word_1_218' title='bbox 128 3179 143 3209; x_wconf 74' lang='lat' dir='ltr'>a</span> <span class='ocrx_word' id='word_1_219' title='bbox 155 3169 240 3230; x_wconf 65' lang='lat' dir='ltr'>tejam</span> <span class='ocrx_word' id='word_1_220' title='bbox 258 3179 285 3214; x_wconf 82' lang='lat' dir='ltr'>te</span> <span class='ocrx_word' id='word_1_221' title='bbox 297 3177 338 3213; x_wconf 79' lang='lat' dir='ltr'>m</span> <span class='ocrx_word' id='word_1_222' title='bbox 352 3185 376 3230; x_wconf 76' lang='lat' dir='ltr'>g.</span> <span class='ocrx_word' id='word_1_223' title='bbox 390 3168 466 3216; x_wconf 80' lang='lat' dir='ltr'>Vstie.</span> <span class='ocrx_word' id='word_1_224' title='bbox 476 3167 529 3216; x_wconf 88' lang='lat' dir='ltr'>eod.</span> <span class='ocrx_word' id='word_1_225' title='bbox 542 3177 564 3214; x_wconf 86' lang='lat' dir='ltr'>et</span> <span class='ocrx_word' id='word_1_226' title='bbox 577 3177 616 3214; x_wconf 82' lang='lat' dir='ltr'>tua</span> <span class='ocrx_word' id='word_1_227' title='bbox 625 3167 679 3230; x_wconf 81' lang='lat' dir='ltr'>jem</span> <span class='ocrx_word' id='word_1_228' title='bbox 694 3175 747 3229; x_wconf 71' lang='lat' dir='ltr'>teg.</span> <span class='ocrx_word' id='word_1_229' title='bbox 761 3165 815 3212; x_wconf 72' lang='lat' dir='ltr'>did.</span> <span class='ocrx_word' id='word_1_230' title='bbox 831 3191 862 3202; x_wconf 92' lang='lat'>-</span> <span class='ocrx_word' id='word_1_231' title='bbox 879 3171 901 3220; x_wconf 68' lang='grc'>4.</span> <span class='ocrx_word' id='word_1_232' title='bbox 915 3167 1034 3212; x_wconf 70' lang='lat' dir='ltr'>cometis.</span> <span class='ocrx_word' id='word_1_233' title='bbox 1049 3167 1138 3212; x_wconf 87' lang='lat' dir='ltr'>Bonon.</span> 
     </span>
     <span class='ocr_line' id='line_1_29' title="bbox 103 3237 1138 3303; baseline -0.004 -15"><span class='ocrx_word' id='word_1_234' title='bbox 103 3237 141 3284; x_wconf 61' lang='grc' dir='ltr'><em>ά</em></span> <span class='ocrx_word' id='word_1_235' title='bbox 151 3251 171 3288; x_wconf 78' lang='lat' dir='ltr'>tt</span> <span class='ocrx_word' id='word_1_236' title='bbox 179 3243 232 3290; x_wconf 84' lang='lat' dir='ltr'>edd.</span> <span class='ocrx_word' id='word_1_237' title='bbox 241 3251 302 3290; x_wconf 76' lang='lat' dir='ltr'>ente</span> <span class='ocrx_word' id='word_1_238' title='bbox 318 3243 383 3289; x_wconf 86' lang='lat' dir='ltr'>Carr.</span> <span class='ocrx_word' id='word_1_239' title='bbox 396 3243 515 3289; x_wconf 67' lang='lat' dir='ltr'>detrecto.</span> <span class='ocrx_word' id='word_1_240' title='bbox 523 3239 613 3288; x_wconf 79' lang='lat' dir='ltr'>Vitiosa</span> <span class='ocrx_word' id='word_1_241' title='bbox 631 3243 730 3303; x_wconf 74' lang='lat' dir='ltr'>lingent.</span> <span class='ocrx_word' id='word_1_242' title='bbox 749 3249 774 3286; x_wconf 84' lang='lat' dir='ltr'>et</span> <span class='ocrx_word' id='word_1_243' title='bbox 789 3239 849 3286; x_wconf 64' lang='lat' dir='ltr'>ntia.</span> <span class='ocrx_word' id='word_1_244' title='bbox 866 3237 933 3286; x_wconf 79' lang='lat' dir='ltr'>coni.</span> <span class='ocrx_word' id='word_1_245' title='bbox 945 3239 1023 3287; x_wconf 79' lang='lat' dir='ltr'>Burni.</span> <span class='ocrx_word' id='word_1_246' title='bbox 1032 3248 1080 3284; x_wconf 91' lang='lat' dir='ltr'>not.</span> <span class='ocrx_word' id='word_1_247' title='bbox 1096 3240 1138 3286; x_wconf 77' lang='lat' dir='ltr'>lin.</span> 
     </span>
    </p>
   </div>
   <div class='ocr_carea' id='block_1_5' title="bbox 90 3372 1148 4394">
    <p class='ocr_par' dir='ltr' id='par_1_6' title="bbox 92 3372 1147 4156">
     <span class='ocr_line' id='line_1_30' title="bbox 129 3372 1139 3448; baseline -0.003 -20"><span class='ocrx_word' id='word_1_248' title='bbox 129 3377 238 3432; x_wconf 72' lang='lat' dir='ltr'>allodes</span> <span class='ocrx_word' id='word_1_249' title='bbox 246 3379 593 3432; x_wconf 82' lang='lat' dir='ltr'>nocteminsomnetntrnns·</span> <span class='ocrx_word' id='word_1_250' title='bbox 634 3378 684 3430; x_wconf 89' lang='lat' dir='ltr'>cile</span> <span class='ocrx_word' id='word_1_251' title='bbox 714 3395 757 3430; x_wconf 91' lang='lat' dir='ltr'>me</span> <span class='ocrx_word' id='word_1_252' title='bbox 781 3391 857 3448; x_wconf 84' lang='lat' dir='ltr'>posse</span> <span class='ocrx_word' id='word_1_253' title='bbox 877 3372 994 3438; x_wconf 86' lang='lat' dir='ltr'>credidi,</span> <span class='ocrx_word' id='word_1_254' title='bbox 1019 3374 1058 3436; x_wconf 88' lang='lat' dir='ltr'>si,</span> <span class='ocrx_word' id='word_1_255' title='bbox 1081 3391 1139 3444; x_wconf 78' lang='lat' dir='ltr'>que</span> 
     </span>
     <span class='ocr_line' id='line_1_31' title="bbox 101 3451 1139 3529; baseline 0 -23"><span class='ocrx_word' id='word_1_256' title='bbox 101 3451 155 3520; x_wconf 68' lang='lat' dir='ltr'>igcos</span> <span class='ocrx_word' id='word_1_257' title='bbox 169 3456 224 3527; x_wconf 78' lang='lat' dir='ltr'>ipsa</span> <span class='ocrx_word' id='word_1_258' title='bbox 242 3456 354 3529; x_wconf 86' lang='lat' dir='ltr'>quidem</span> <span class='ocrx_word' id='word_1_259' title='bbox 370 3475 486 3510; x_wconf 80' lang='lat' dir='ltr'>amorem</span> <span class='ocrx_word' id='word_1_260' title='bbox 503 3458 531 3509; x_wconf 91' lang='lat' dir='ltr'>in</span> <span class='ocrx_word' id='word_1_261' title='bbox 546 3458 591 3510; x_wconf 83' lang='lat' dir='ltr'>Ja·</span> <span class='ocrx_word' id='word_1_262' title='bbox 634 3457 710 3528; x_wconf 79' lang='lat' dir='ltr'>poeta</span> <span class='ocrx_word' id='word_1_263' title='bbox 720 3453 1139 3526; x_wconf 83' lang='lat' dir='ltr'>nnrroreornisisset‚tupplerem.</span> 
     </span>
     <span class='ocr_line' id='line_1_32' title="bbox 101 3533 1141 3605; baseline -0.006 -15"><span class='ocrx_word' id='word_1_264' title='bbox 101 3549 148 3584; x_wconf 60' lang='grc' dir='ltr'>Μ</span> <span class='ocrx_word' id='word_1_265' title='bbox 164 3536 212 3590; x_wconf 78' lang='lat' dir='ltr'>o&#39;ti</span> <span class='ocrx_word' id='word_1_266' title='bbox 232 3537 342 3601; x_wconf 78' lang='lat' dir='ltr'>fatetur,</span> <span class='ocrx_word' id='word_1_267' title='bbox 364 3535 486 3590; x_wconf 87' lang='lat' dir='ltr'>eumdem</span> <span class='ocrx_word' id='word_1_268' title='bbox 504 3548 593 3589; x_wconf 86' lang='lat' dir='ltr'>tamen</span> <span class='ocrx_word' id='word_1_269' title='bbox 636 3536 736 3605; x_wconf 85' lang='lat' dir='ltr'>Nempe</span> <span class='ocrx_word' id='word_1_270' title='bbox 745 3533 885 3587; x_wconf 76' lang='lat' dir='ltr'>verisimile</span> <span class='ocrx_word' id='word_1_271' title='bbox 903 3533 968 3585; x_wconf 90' lang='lat' dir='ltr'>mihi</span> <span class='ocrx_word' id='word_1_272' title='bbox 979 3533 1141 3592; x_wconf 81' lang='lat' dir='ltr'>visum,Ab·</span> 
     </span>
     <span class='ocr_line' id='line_1_33' title="bbox 99 3610 1142 3686; baseline -0.005 -20"><span class='ocrx_word' id='word_1_273' title='bbox 99 3612 172 3666; x_wconf 74' lang='lat' dir='ltr'>wine</span> <span class='ocrx_word' id='word_1_274' title='bbox 189 3625 317 3668; x_wconf 80' lang='lat' dir='ltr'>excutere</span> <span class='ocrx_word' id='word_1_275' title='bbox 333 3626 418 3668; x_wconf 78' lang='lat' dir='ltr'>tentet</span> <span class='ocrx_word' id='word_1_276' title='bbox 436 3633 485 3680; x_wconf 89' lang='lat' dir='ltr'>eo,</span> <span class='ocrx_word' id='word_1_277' title='bbox 507 3613 595 3686; x_wconf 88' lang='lat' dir='ltr'>quod,</span> <span class='ocrx_word' id='word_1_278' title='bbox 636 3625 754 3685; x_wconf 76' lang='lat' dir='ltr'>syrtm,</span> <span class='ocrx_word' id='word_1_279' title='bbox 771 3611 838 3681; x_wconf 72' lang='lat' dir='ltr'>rogis</span> <span class='ocrx_word' id='word_1_280' title='bbox 855 3610 952 3676; x_wconf 80' lang='lat' dir='ltr'>filium,</span> <span class='ocrx_word' id='word_1_281' title='bbox 969 3629 1030 3664; x_wconf 92' lang='lat' dir='ltr'>cum</span> <span class='ocrx_word' id='word_1_282' title='bbox 1047 3611 1142 3662; x_wconf 83' lang='lat' dir='ltr'>Jasone</span> 
     </span>
     <span class='ocr_line' id='line_1_34' title="bbox 98 3687 1142 3762; baseline -0.005 -17"><span class='ocrx_word' id='word_1_283' title='bbox 98 3707 138 3758; x_wconf 70' lang='lat' dir='ltr'>qm</span> <span class='ocrx_word' id='word_1_284' title='bbox 155 3695 261 3747; x_wconf 81' lang='lat' dir='ltr'>ratione</span> <span class='ocrx_word' id='word_1_285' title='bbox 286 3711 336 3746; x_wconf 86' lang='lat' dir='ltr'>usn</span> <span class='ocrx_word' id='word_1_286' title='bbox 359 3699 414 3762; x_wconf 59' lang='lat' dir='ltr'>qno</span> <span class='ocrx_word' id='word_1_287' title='bbox 439 3706 465 3748; x_wconf 85' lang='lat' dir='ltr'>et</span> <span class='ocrx_word' id='word_1_288' title='bbox 486 3711 595 3747; x_wconf 78' lang='lat' dir='ltr'>musne-</span> <span class='ocrx_word' id='word_1_289' title='bbox 638 3691 787 3761; x_wconf 79' lang='lat' dir='ltr'>ceterisque</span> <span class='ocrx_word' id='word_1_290' title='bbox 799 3688 924 3740; x_wconf 85' lang='lat' dir='ltr'>heroibus</span> <span class='ocrx_word' id='word_1_291' title='bbox 939 3689 1063 3760; x_wconf 77' lang='lat' dir='ltr'>palatium</span> <span class='ocrx_word' id='word_1_292' title='bbox 1074 3687 1142 3759; x_wconf 78' lang='lat' dir='ltr'>regis</span> 
     </span>
     <span class='ocr_line' id='line_1_35' title="bbox 98 3766 1144 3844; baseline -0.008 -20"><span class='ocrx_word' id='word_1_293' title='bbox 98 3767 174 3824; x_wconf 68' lang='lat' dir='ltr'>¹rdine</span> <span class='ocrx_word' id='word_1_294' title='bbox 197 3773 228 3824; x_wconf 87' lang='lat' dir='ltr'>in</span> <span class='ocrx_word' id='word_1_295' title='bbox 251 3783 387 3844; x_wconf 81' lang='lat' dir='ltr'>posterum</span> <span class='ocrx_word' id='word_1_296' title='bbox 410 3773 526 3838; x_wconf 81' lang='lat' dir='ltr'>fruatur,</span> <span class='ocrx_word' id='word_1_297' title='bbox 539 3791 594 3824; x_wconf 89' lang='lat' dir='ltr'>non</span> <span class='ocrx_word' id='word_1_298' title='bbox 637 3767 725 3822; x_wconf 76' lang='lat' dir='ltr'>letum</span> <span class='ocrx_word' id='word_1_299' title='bbox 738 3766 854 3820; x_wconf 73' lang='lat' dir='ltr'>victorie</span> <span class='ocrx_word' id='word_1_300' title='bbox 867 3767 988 3819; x_wconf 84' lang='lat' dir='ltr'>nuntium</span> <span class='ocrx_word' id='word_1_301' title='bbox 1006 3768 1144 3819; x_wconf 75' lang='lat' dir='ltr'>afferentes</span> 
     </span>
     <span class='ocr_line' id='line_1_36' title="bbox 96 3845 1145 3923; baseline -0.005 -24"><span class='ocrx_word' id='word_1_302' title='bbox 96 3847 163 3901; x_wconf 82' lang='lat' dir='ltr'>ridet.</span> <span class='ocrx_word' id='word_1_303' title='bbox 177 3851 211 3902; x_wconf 85' lang='lat' dir='ltr'>ln</span> <span class='ocrx_word' id='word_1_304' title='bbox 220 3849 277 3902; x_wconf 84' lang='lat' dir='ltr'>fine</span> <span class='ocrx_word' id='word_1_305' title='bbox 288 3849 430 3922; x_wconf 77' lang='lat' dir='ltr'>superioris</span> <span class='ocrx_word' id='word_1_306' title='bbox 439 3851 498 3904; x_wconf 87' lang='lat' dir='ltr'>libri</span> <span class='ocrx_word' id='word_1_307' title='bbox 507 3869 595 3923; x_wconf 83' lang='lat' dir='ltr'>vespe·</span> <span class='ocrx_word' id='word_1_308' title='bbox 638 3848 761 3912; x_wconf 79' lang='lat' dir='ltr'>intrasse,</span> <span class='ocrx_word' id='word_1_309' title='bbox 775 3861 917 3915; x_wconf 84' lang='lat' dir='ltr'>omnesque</span> <span class='ocrx_word' id='word_1_310' title='bbox 933 3845 1012 3896; x_wconf 84' lang='lat' dir='ltr'>lautis</span> <span class='ocrx_word' id='word_1_311' title='bbox 1027 3857 1145 3914; x_wconf 84' lang='lat' dir='ltr'>exceptos</span> 
     </span>
     <span class='ocr_line' id='line_1_37' title="bbox 96 3922 1146 4002; baseline -0.012 -19"><span class='ocrx_word' id='word_1_312' title='bbox 96 3941 118 3976; x_wconf 67' lang='grc' dir='ltr'><strong><em>Ν</em></strong></span> <span class='ocrx_word' id='word_1_313' title='bbox 129 3945 231 4000; x_wconf 70' lang='lat' dir='ltr'>pugnas</span> <span class='ocrx_word' id='word_1_314' title='bbox 244 3927 464 4002; x_wconf 82' lang='lat' dir='ltr'>diremerst‚jsm</span> <span class='ocrx_word' id='word_1_315' title='bbox 478 3931 534 4002; x_wconf 87' lang='lat' dir='ltr'>ipsa</span> <span class='ocrx_word' id='word_1_316' title='bbox 546 3949 597 3983; x_wconf 83' lang='lat' dir='ltr'>nox</span> <span class='ocrx_word' id='word_1_317' title='bbox 640 3925 723 3998; x_wconf 81' lang='lat' dir='ltr'>epulis</span> <span class='ocrx_word' id='word_1_318' title='bbox 738 3925 834 3990; x_wconf 82' lang='lat' dir='ltr'>fuisse,</span> <span class='ocrx_word' id='word_1_319' title='bbox 846 3923 941 3996; x_wconf 87' lang='lat' dir='ltr'>quibus</span> <span class='ocrx_word' id='word_1_320' title='bbox 952 3935 978 3976; x_wconf 84' lang='lat' dir='ltr'>et</span> <span class='ocrx_word' id='word_1_321' title='bbox 994 3922 1146 3975; x_wconf 81' lang='lat' dir='ltr'>interfuerat</span> 
     </span>
     <span class='ocr_line' id='line_1_38' title="bbox 93 3999 1147 4077; baseline -0.009 -17"><span class='ocrx_word' id='word_1_322' title='bbox 93 4003 204 4075; x_wconf 70' lang='lat' dir='ltr'>irpoir,</span> <span class='ocrx_word' id='word_1_323' title='bbox 230 4011 279 4060; x_wconf 80' lang='lat' dir='ltr'>soii</span> <span class='ocrx_word' id='word_1_324' title='bbox 306 4011 408 4061; x_wconf 78' lang='lat' dir='ltr'>veniens</span> <span class='ocrx_word' id='word_1_325' title='bbox 439 4029 488 4060; x_wconf 82' lang='lat' dir='ltr'>non</span> <span class='ocrx_word' id='word_1_326' title='bbox 519 4011 596 4071; x_wconf 83' lang='lat' dir='ltr'>mitis,</span> <span class='ocrx_word' id='word_1_327' title='bbox 640 4003 825 4074; x_wconf 83' lang='lat' dir='ltr'>Medea(nsm</span> <span class='ocrx_word' id='word_1_328' title='bbox 834 4015 941 4077; x_wconf 88' lang='lat' dir='ltr'>postero</span> <span class='ocrx_word' id='word_1_329' title='bbox 950 4004 995 4058; x_wconf 89' lang='lat' dir='ltr'>die</span> <span class='ocrx_word' id='word_1_330' title='bbox 1004 4002 1091 4055; x_wconf 89' lang='lat' dir='ltr'>itidem</span> <span class='ocrx_word' id='word_1_331' title='bbox 1104 3999 1147 4052; x_wconf 91' lang='lat' dir='ltr'>ad-</span> 
     </span>
     <span class='ocr_line' id='line_1_39' title="bbox 92 4085 1147 4156; baseline -0.007 -17"><span class='ocrx_word' id='word_1_332' title='bbox 92 4085 181 4148; x_wconf 60' lang='lat' dir='ltr'>strictis,</span> <span class='ocrx_word' id='word_1_333' title='bbox 191 4089 301 4138; x_wconf 72' lang='lat' dir='ltr'>mand.</span> <span class='ocrx_word' id='word_1_334' title='bbox 643 4085 707 4147; x_wconf 86' lang='lat' dir='ltr'>tuit,</span> <span class='ocrx_word' id='word_1_335' title='bbox 718 4103 743 4137; x_wconf 84' lang='lat' dir='ltr'>r.</span> <span class='ocrx_word' id='word_1_336' title='bbox 757 4087 790 4154; x_wconf 82' lang='lat'>78</span> <span class='ocrx_word' id='word_1_337' title='bbox 800 4087 829 4152; x_wconf 91' lang='lat'>)‚</span> <span class='ocrx_word' id='word_1_338' title='bbox 842 4103 915 4156; x_wconf 71' lang='lat' dir='ltr'>mtto,</span> <span class='ocrx_word' id='word_1_339' title='bbox 925 4101 1007 4155; x_wconf 82' lang='lat' dir='ltr'>quum</span> <span class='ocrx_word' id='word_1_340' title='bbox 1021 4096 1079 4132; x_wconf 80' lang='lat' dir='ltr'>sera</span> <span class='ocrx_word' id='word_1_341' title='bbox 1091 4091 1147 4132; x_wconf 85' lang='lat' dir='ltr'>tan·</span> 
     </span>
    </p>

    <p class='ocr_par' dir='ltr' id='par_1_7' title="bbox 90 4159 1148 4394">
     <span class='ocr_line' id='line_1_40' title="bbox 123 4159 1146 4234; baseline -0.004 -18"><span class='ocrx_word' id='word_1_342' title='bbox 123 4167 401 4224; x_wconf 55' lang='lat' dir='ltr'>tommosam</span> <span class='ocrx_word' id='word_1_343' title='bbox 411 4168 600 4234; x_wconf 80' lang='lat' dir='ltr'>inlimineplon·</span> <span class='ocrx_word' id='word_1_344' title='bbox 643 4162 704 4218; x_wconf 87' lang='lat' dir='ltr'>dem</span> <span class='ocrx_word' id='word_1_345' title='bbox 725 4177 802 4217; x_wconf 88' lang='lat' dir='ltr'>noete</span> <span class='ocrx_word' id='word_1_346' title='bbox 820 4161 1007 4217; x_wconf 90' lang='lat' dir='ltr'>discedendum</span> <span class='ocrx_word' id='word_1_347' title='bbox 1024 4170 1105 4225; x_wconf 83' lang='lat' dir='ltr'>esset,</span> <span class='ocrx_word' id='word_1_348' title='bbox 1119 4159 1146 4212; x_wconf 93' lang='lat' dir='ltr'>in</span> 
     </span>
     <span class='ocr_line' id='line_1_41' title="bbox 90 4237 1147 4316; baseline -0.001 -26"><span class='ocrx_word' id='word_1_349' title='bbox 90 4243 126 4292; x_wconf 81' lang='lat' dir='ltr'>tis.</span> <span class='ocrx_word' id='word_1_350' title='bbox 150 4242 223 4295; x_wconf 78' lang='lat' dir='ltr'>Setis</span> <span class='ocrx_word' id='word_1_351' title='bbox 244 4244 345 4314; x_wconf 84' lang='lat' dir='ltr'>amplas</span> <span class='ocrx_word' id='word_1_352' title='bbox 363 4256 437 4296; x_wconf 87' lang='lat' dir='ltr'>notas</span> <span class='ocrx_word' id='word_1_353' title='bbox 459 4244 601 4316; x_wconf 82' lang='lat' dir='ltr'>adtcripse·</span> <span class='ocrx_word' id='word_1_354' title='bbox 644 4243 736 4296; x_wconf 88' lang='lat' dir='ltr'>limine</span> <span class='ocrx_word' id='word_1_355' title='bbox 756 4255 843 4296; x_wconf 83' lang='lat' dir='ltr'>tamen</span> <span class='ocrx_word' id='word_1_356' title='bbox 866 4239 993 4294; x_wconf 68' lang='lat' dir='ltr'>coenaculi</span> <span class='ocrx_word' id='word_1_357' title='bbox 1012 4237 1147 4312; x_wconf 84' lang='lat' dir='ltr'>paululum</span> 
     </span>
     <span class='ocr_line' id='line_1_42' title="bbox 93 4317 1148 4394; baseline -0.002 -26"><span class='ocrx_word' id='word_1_358' title='bbox 93 4332 151 4371; x_wconf 86' lang='lat' dir='ltr'>tuot</span> <span class='ocrx_word' id='word_1_359' title='bbox 166 4320 339 4392; x_wconf 84' lang='lat' dir='ltr'>interpretes,</span> <span class='ocrx_word' id='word_1_360' title='bbox 352 4322 449 4394; x_wconf 82' lang='lat' dir='ltr'>quibus</span> <span class='ocrx_word' id='word_1_361' title='bbox 461 4341 550 4378; x_wconf 70' lang='lat' dir='ltr'>carme</span> <span class='ocrx_word' id='word_1_362' title='bbox 561 4322 600 4375; x_wconf 80' lang='lat' dir='ltr'>ss·</span> <span class='ocrx_word' id='word_1_363' title='bbox 647 4322 777 4388; x_wconf 85' lang='lat' dir='ltr'>constitit,</span> <span class='ocrx_word' id='word_1_364' title='bbox 796 4333 822 4374; x_wconf 89' lang='lat' dir='ltr'>et</span> <span class='ocrx_word' id='word_1_365' title='bbox 843 4318 921 4372; x_wconf 73' lang='lat' dir='ltr'>monol</span> <span class='ocrx_word' id='word_1_366' title='bbox 942 4317 1030 4372; x_wconf 86' lang='lat' dir='ltr'>adhuc</span> <span class='ocrx_word' id='word_1_367' title='bbox 1048 4321 1084 4368; x_wconf 86' lang='lat' dir='ltr'>ad</span> <span class='ocrx_word' id='word_1_368' title='bbox 1103 4335 1148 4368; x_wconf 82' lang='lat' dir='ltr'>sua</span> 
     </span>
    </p>
   </div>
   <div class='ocr_carea' id='block_1_6' title="bbox 0 0 1556 5128">
    <p class='ocr_par' dir='ltr' id='par_1_8' title="bbox 0 0 1556 5128">
     <span class='ocr_line' id='line_1_43' title="bbox 0 0 1556 5128; baseline 0 0"><span class='ocrx_word' id='word_1_369' title='bbox 0 0 1556 5128; x_wconf 95' lang='lat' dir='ltr'> </span> 
     </span>
    </p>
   </div>
  </div>
 </body>
</html>
