3150 5126
375 483 440 550 duo
809 487 1005 554 OliPllEl

460 617 574 701 Quum
583 617 649 698 jam
663 617 763 710 igitur
771 637 887 709 portua
898 623 1073 688 intrassent
1083 635 1196 712 stagna
1209 620 1384 711 profundi,
1398 635 1445 688 ¹²⁹⁵

376 785 380 793 .
414 732 544 798 Alcinoi
563 750 706 821 poscunt
721 755 886 822 praecones
902 736 981 801 atria
1003 736 1097 827 regie.

412 847 536 913 Meda
552 871 659 938 genua
671 871 756 939 aegra
769 851 895 936 labant3
917 852 1086 942 pallorque
1105 851 1271 940 timorque

413 963 578 1062 Occupat,
596 963 730 1028 inritam
743 965 911 1031 retrahant
924 989 966 1032 ne
982 966 1112 1032 vincula
1127 966 1293 1051 Colchou‚

412 1077 585 1144 Pheraeum
603 1094 636 1144 et
650 1079 747 1146 iaciat
762 1102 830 1148 nou
849 1099 924 1148 ante
937 1081 1048 1148 audita
1064 1097 1232 1172 manuue.

412 1191 478 1260 Sed
494 1215 562 1260 nou
577 1210 695 1260 ottucta
717 1217 852 1262 morene
866 1196 938 1262 lore
948 1197 1088 1278 jusserat
1103 1195 1219 1262 ordine
1233 1197 1289 1262 tali
1393 1219 1443 1260 ιε..

415 1307 516 1374 Parca
529 1308 638 1399 prinu,
656 1307 752 1374 Peliae
766 1332 864 1398 quatu
879 1310 1074 1377 fundasset
1088 1327 1121 1376 et
1134 1311 1258 1394 aulam,

413 1423 640 1514 Regnantique
654 1423 714 1512 ipai
731 1421 827 1512 oudip
844 1423 929 1490 soret
941 1441 1057 1490 auctor
1072 1427 1180 1491 lason.

413 1539 512 1604 Arete
529 1537 657 1604 Alcinoi
674 1537 832 1622 clement,
850 1539 1060 1629 formosaque
1076 1541 1206 1624 conjux.

414 1653 487 1742 Ipse
503 1667 614 1720 autem
629 1653 782 1720 Alcinous
798 1652 875 1720 duci
890 1652 932 1718 de
945 1677 1055 1746 puppe
1069 1655 1229 1743 puella1u‚

413 1769 522 1853 Quam
538 1785 688 1857 peterent
703 1769 816 1834 Colchi
830 1785 923 1836 tauto
938 1791 999 1862 pro
1014 1771 1151 1836 crimine
1167 1788 1315 1856 sontem,
1397 1783 1443 1824 ¹³0⁵

412 1883 618 1971 destituique
634 1904 697 1948 ruo
711 1881 792 1948 dicit
810 1881 930 1949 debere
950 1884 1088 1972 parenti.

412 1997 476 2064 Sed
494 1999 597 2063 movit
616 1997 718 2086 pietas
737 1996 857 2086 regine
873 1998 994 2063 viscera
1009 1999 1114 2082 mitis,
1192 2007 1194 2012 '

414 2112 660 2200 Admonuitque
679 2111 803 2196 riman,
819 2111 946 2178 blandis
964 2111 1170 2180 sermonibus
1190 2137 1266 2182 usa:

456 2228 620 2311 «Scilicet,
639 2250 661 2293 o
673 2229 812 2312 conjux,
829 2229 909 2294 socii
925 2227 1001 2296 data
1016 2229 1137 2296 foedera
1151 2229 1242 2313 lecti,

413 2343 510 2412 Haud
526 2342 623 2410 dulce
638 2361 687 2410 eet
702 2343 835 2410 thalami
851 2345 980 2427 junctu
996 2344 1147 2412 divellere
1163 2345 1324 2432 flammea
1393 2377 1443 2418 o..

328 2549 341 2570 x
413 2463 456 2526 Et
470 2461 599 2550 quoties
617 2461 722 2550 quivit
737 2460 808 2526 herc
823 2461 956 2546 audeat,
978 2461 1063 2527 alma
1076 2463 1183 2529 Dione

412 2577 513 2643 Inruit
528 2577 630 2665 inque
650 2575 738 2642 vitoe
753 2577 853 2642 ultrix
868 2576 1013 2666 irataque
1034 2593 1160 2646 matres.

414 2690 515 2777 Quod
528 2691 556 2757 ei
570 2689 752 2780 virgineum
768 2706 872 2754 servat
886 2712 954 2755 uon
969 2705 1053 2756 tacta
1069 2689 1245 2780 pudorem,

288 2795 289 2800 ἵ
410 2807 548 2898 Naviget
562 2804 603 2870 ad
622 2820 747 2894 patrem
768 2819 801 2869 et
814 2804 936 2894 patrios
950 2803 1066 2871 Medea
1078 2823 1222 2896 penates.

412 2926 453 2988 At
468 2922 495 2988 ai
514 2920 693 2986 concubitu
711 2918 841 2984 foedavit
856 2919 994 2984 claustra
1004 2919 1104 3010 jugali
1388 2933 1439 2975 ¹³¹⁵

411 3034 549 3117 Abdita,
569 3036 643 3116 jure
659 3057 720 3100 tuo
734 3033 834 3099 ducat
847 3055 1057 3123 quocumque
1074 3035 1246 3103 maritus».

455 3151 508 3216 Sic
520 3149 582 3214 ait:
602 3172 639 3214 ac
656 3149 741 3238 regio
757 3149 855 3213 verba
869 3149 939 3214 haec
957 3147 1132 3238 praecordia
1150 3165 1307 3242 tangunt,

412 3266 519 3351 Atque
537 3261 582 3324 ita
597 3277 714 3326 cuncta
729 3261 796 3326 suis
810 3261 922 3326 statuit
933 3259 1108 3327 decernere
1123 3261 1229 3329 dictio.

456 3379 497 3440 At
509 3376 636 3465 Minyae
651 3397 719 3440 nou
734 3375 804 3439 hare
816 3375 910 3440 latuit
923 3376 1102 3442 sententia:
1119 3377 1135 3441 J
1138 3399 1205 3441 uno

412 3490 496 3555 Nam
512 3488 621 3554 subito
635 3510 728 3554 servo
744 3487 890 3553 aesituilie
905 3485 1037 3552 derecta
1050 3513 1108 3580 per
1123 3513 1234 3574 auras,
1275 3478 1277 3482 ¹
1388 3527 1396 3556 t
1414 3527 1439 3556 ιο

411 3606 550 3673 Nuntiat
561 3629 714 3672 arcanum
728 3629 819 3697 reges
832 3605 1055 3696 quodcunque
1068 3608 1207 3698 loquuti.

410 3725 496 3790 Tum
513 3722 622 3788 subito
636 3721 793 3787 thalamos
811 3719 925 3786 Medea
946 3737 1101 3811 torosque
1118 3747 1229 3814 parare

411 3839 543 3904 Excelsa
558 3839 591 3902 in
608 3837 729 3926 puppi;
741 3837 930 3925 circumque
946 3837 1045 3902 aulaea
1058 3855 1247 3925 coruscant,

410 3954 601 4042 velleraque
620 3950 722 4016 affixis
741 3950 928 4041 dependent
944 3975 1041 4016 aurea
1060 3953 1145 4018 aetia.

412 4069 588 4157 Postquam
603 4067 703 4157 igitur
720 4067 830 4132 fulcris
846 4067 974 4132 nituere
987 4067 1105 4133 cubilia
1118 4069 1229 4152 lautis,

413 4181 631 4271 conjugiique
651 4203 743 4268 pares
763 4178 898 4246 flamme
918 4180 1048 4246 subiere
1063 4183 1215 4266 latentes,
