3192 5138
421 583 836 666 sncouaurrcon,
866 583 952 648 nra.
976 584 1016 648 x.
1176 589 1238 670 249

219 719 300 800 Quae
316 738 406 800 mea,
423 740 495 806 quae
513 740 567 783 me
581 718 684 805 ipsam
699 715 774 782 lidei
788 717 999 806 imperterrita
1015 731 1129 782 vestrae

218 831 357 898 Credere
373 831 517 915 decrevi,
536 850 569 898 et
579 833 674 898 fulvis
690 833 881 921 squallentia
896 833 977 898 villis

220 947 393 1039 Tegmina,
410 971 483 1038 quae
499 947 610 1012 Graias
626 965 734 1013 essent
749 946 902 1049 ducenda¹
913 969 972 1038 per
988 949 1095 1014 urbes.
1216 966 1239 1006 ⁵⁵

220 1061 338 1126 Omnia
351 1084 454 1150 quum
471 1061 564 1126 vobis
579 1059 746 1144 dederim,
773 1062 820 1126 nil
833 1059 878 1126 mi
891 1061 959 1150 ipsa
976 1063 1106 1152 reliqui,

219 1179 358 1269 Hospitii
372 1194 489 1266 praeter
503 1177 612 1259 divos,
636 1194 669 1242 et
683 1175 803 1243 foedera
817 1177 936 1243 dextrae

218 1296 339 1384 Iusque
355 1293 511 1386 piumque
529 1292 630 1378 datoe'3
643 1309 786 1359 vestrum
803 1291 968 1358 defendite
981 1316 1117 1383 corpus:

219 1408 405 1500 Vestraego
423 1432 513 1491 sum,
532 1424 567 1475 et
581 1425 689 1474 vestro
702 1433 776 1499 pars
790 1432 857 1473 non
872 1409 1006 1498 indigna
1019 1411 1196 1500 triumpho.

221 1526 289 1588 Cur
305 1522 451 1614 sanguis,
467 1545 527 1587 cur
542 1522 640 1587 corda
659 1523 791 1612 tepenti
805 1547 877 1613 quae
892 1525 1012 1589 robora
1025 1524 1111 1607 ridi,
1216 1545 1240 1581 ὁ·

222 1641 314 1722 Quos
326 1640 470 1722 animos,
487 1637 604 1703 n'ostris
617 1663 678 1728 pro
693 1639 854 1704 moenibus
866 1641 995 1758 agmina
1008 1638 1141 1729 quando

221 1755 305 1818 Ense
320 1753 488 1818 metebatis
503 1753 626 1830 Persae?
640 1776 743 1842 quum
757 1755 862 1820 victor
876 1755 971 1820 Iason

220 1871 383 1934 cesorum
402 1869 592 1933 innumeros
608 1867 895 1956 pedibus-calcaret
910 1869 1065 1934 acervos?

221 1983 306 2073 Ergo
321 1984 377 2072 qui
398 2005 531 2074 magnos
547 1983 698 2072 potuistis
711 1984 840 2049 vincere
853 2005 959 2075 reges,

220 2099 356 2164 Vincere
369 2099 549 2189 relliquias,
568 2099 765 2190 fugitivaque
782 2116 882 2164 castra
898 2100 1045 2166 timetis?

220 2216 294 2280 Non
312 2231 402 2303 pater
415 2215 475 2279 hos
492 2215 611 2297 mittit,
628 2215 759 2307 lugiunt
774 2216 915 2280 immane
928 2217 1069 2304 parentis

220 2329 490 2419 Barbaricumque
501 2331 637 2421 jugum,
649 2331 855 2419 violentaque
869 2331 941 2412 jura
962 2331 1124 2419 tyranni».

263 2444 427 2510 Prociduo
443 2446 489 2510 sic
507 2447 570 2509 lata
587 2469 674 2537 genu
689 2469 698 2528 3
723 2447 922 2535 quicumque
941 2446 1130 2534 loquentem

220 2559 350 2644 Audiit,
366 2560 453 2625 illam
471 2561 581 2626 animo
599 2561 761 2626 constanti
780 2577 813 2626 et
827 2579 958 2650 pectore
971 2560 1065 2625 firmo

220 2675 296 2740 Esse
311 2673 423 2757 jubet;
437 2676 588 2764 quatiunt
601 2675 728 2758 hastas,
744 2697 936 2764 pugnasque
948 2675 1119 2740 lacessunt.

263 2791 337 2856 Nox
351 2791 434 2872 ruit,
446 2807 478 2855 et
494 2806 593 2854 terras
606 2812 724 2855 somno
737 2789 898 2855 demulcet
912 2791 1021 2855 inerti:

221 2905 317 2970 Graia
334 2921 442 2970 tamen
456 2905 565 2994 vigilat
583 2905 706 2995 pubes,
727 2924 759 2971 et
775 2903 916 2996 pectore'
926 2922 1032 2970 versat

221 3021 359 3104 Omnia,
384 3043 457 3110 quae
478 3021 554 3086 belli
574 3022 705 3087 fortuna
721 3024 843 3087 alterna
863 3021 1016 3088 minatur.

223 3134 333 3218 Qualis
352 3136 548 3200 inexhaustae
568 3159 694 3225 pernox
714 3153 845 3226 operata
867 3137 1021 3201 Minervae

221 3247 352 3315 Defletis
371 3250 552 3339 mulierque
572 3253 652 3316 toris
670 3250 836 3342 viduoque
861 3252 978 3336 cubili,

222 3363 360 3454 Pignora
375 3387 473 3460 quam
493 3364 615 3429 circum
630 3389 704 3431 caro
722 3365 800 3431 ssent
821 3366 900 3431 orba
921 3383 1070 3457 parente,

221 3480 366 3544 Devovet
383 3478 549 3544 adversam
568 3495 707 3561 sortem,
727 3481 927 3570 miserosque
948 3482 1154 3572 hymenaeos3

219 3593 335 3658 Moeret
356 3593 469 3683 inops,
492 3594 641 3684 lacrymis
662 3611 695 3658 et
714 3595 837 3658 lumina
855 3595 1001 3660 tristibus
1019 3597 1182 3660 hument:

221 3709 273 3774 Sic
290 3709 410 3799 Minyis
427 3707 581 3774 maduere
594 3733 704 3798 genae,
725 3710 772 3774 sic
790 3709 887 3774 corda
904 3708 1018 3775 dolore

221 3825 321 3890 Anxia
340 3825 424 3890 facta
442 3827 546 3916 gravi,
559 3826 734 3914 subitoque
753 3825 930 3889 immortua
946 3848 1032 3892 casu.

263 3939 420 4005 Alcinous
437 3957 569 4023 contra,
591 3939 840 4029 venerandaque
852 3962 927 4030 rege
941 3939 1058 4005 marito

218 4058 334 4136 Arete,
358 4053 437 4119 dum
459 4071 555 4120 nocte
573 4055 663 4120 color
677 4056 818 4120 vanescit
835 4055 875 4119 ab
895 4056 990 4138 orbe,

229 4169 266 4234 ln
285 4169 392 4234 stratis
406 4185 476 4234 tum
500 4171 601 4234 multa
620 4165 717 4234 simul
738 4167 779 4234 de
798 4169 921 4259 virgine
936 4185 1038 4258 rapta

220 4287 423 4351 Consuluere
445 4287 532 4368 suis;
552 4287 704 4366 juvenem
724 4287 833 4375 regina
851 4286 1001 4350 maritum
