<?xml version="1.0" encoding="UTF-8"?>
<!DOCTYPE html PUBLIC "-//W3C//DTD XHTML 1.0 Transitional//EN"
    "http://www.w3.org/TR/xhtml1/DTD/xhtml1-transitional.dtd">
<html xmlns="http://www.w3.org/1999/xhtml" xml:lang="en" lang="en">
 <head>
  <title>
</title>
<meta http-equiv="Content-Type" content="text/html;charset=utf-8" />
  <meta name='ocr-system' content='tesseract 3.04.00' />
  <meta name='ocr-capabilities' content='ocr_page ocr_carea ocr_par ocr_line ocrx_word'/>
</head>
<body>
  <div class='ocr_page' id='page_1' title='image "./cvaleriiflaccis01apolgoog_0217.png"; bbox 0 0 3192 5138; ppageno 0'>
   <div class='ocr_carea' id='block_1_1' title="bbox 376 554 1341 626">
    <p class='ocr_par' dir='ltr' id='par_1_1' title="bbox 376 554 1341 626">
     <span class='ocr_line' id='line_1_1' title="bbox 376 554 1341 626; baseline 0.006 -6"><span class='ocrx_word' id='word_1_1' title='bbox 376 559 439 624; x_wconf 79' lang='lat'><strong>216</strong></span> <span class='ocrx_word' id='word_1_2' title='bbox 490 557 542 623; x_wconf 88' lang='grc' dir='ltr'><strong>ΙΝ</strong></span> <span class='ocrx_word' id='word_1_3' title='bbox 572 557 658 622; x_wconf 88' lang='lat' dir='ltr'><strong>LlB.</strong></span> <span class='ocrx_word' id='word_1_4' title='bbox 683 555 915 622; x_wconf 80' lang='lat' dir='ltr'><strong>OCTAVUM</strong></span> <span class='ocrx_word' id='word_1_5' title='bbox 944 554 1341 626; x_wconf 80' lang='lat' dir='ltr'><strong>ARGONAUTICON</strong></span> 
     </span>
    </p>
   </div>
   <div class='ocr_carea' id='block_1_2' title="bbox 357 673 1446 1164">
    <p class='ocr_par' dir='ltr' id='par_1_2' title="bbox 357 673 1446 1164">
     <span class='ocr_line' id='line_1_2' title="bbox 371 673 1443 748; baseline 0.004 -20"><span class='ocrx_word' id='word_1_6' title='bbox 371 675 446 742; x_wconf 78' lang='lat' dir='ltr'><strong>Quot</strong></span> <span class='ocrx_word' id='word_1_7' title='bbox 463 693 621 748; x_wconf 83' lang='lat' dir='ltr'><strong>quanquam</strong></span> <span class='ocrx_word' id='word_1_8' title='bbox 640 687 812 748; x_wconf 74' lang='lat' dir='ltr'><strong>preposteroe</strong></span> <span class='ocrx_word' id='word_1_9' title='bbox 830 673 1080 746; x_wconf 78' lang='lat' dir='ltr'><strong>euppoeititioeque‚</strong></span> <span class='ocrx_word' id='word_1_10' title='bbox 1099 675 1146 746; x_wconf 86' lang='lat' dir='ltr'><strong>qui</strong></span> <span class='ocrx_word' id='word_1_11' title='bbox 1166 687 1227 728; x_wconf 87' lang='lat' dir='ltr'><strong>ante</strong></span> <span class='ocrx_word' id='word_1_12' title='bbox 1244 695 1287 732; x_wconf 91' lang='lat' dir='ltr'><strong>me</strong></span> <span class='ocrx_word' id='word_1_13' title='bbox 1305 677 1443 732; x_wconf 75' lang='lat' dir='ltr'><strong>valerium</strong></span> 
     </span>
     <span class='ocr_line' id='line_1_3' title="bbox 372 757 1445 830; baseline 0.003 -18"><span class='ocrx_word' id='word_1_14' title='bbox 372 758 514 813; x_wconf 87' lang='lat' dir='ltr'><strong>ediderunt</strong></span> <span class='ocrx_word' id='word_1_15' title='bbox 523 797 531 824; x_wconf 97' lang='lat'><strong>,</strong></span> <span class='ocrx_word' id='word_1_16' title='bbox 539 759 655 812; x_wconf 81' lang='lat' dir='ltr'><strong>habuere</strong></span> <span class='ocrx_word' id='word_1_17' title='bbox 665 799 672 824; x_wconf 93' lang='lat'><strong>,</strong></span> <span class='ocrx_word' id='word_1_18' title='bbox 682 757 795 830; x_wconf 87' lang='lat' dir='ltr'><strong>ideoque</strong></span> <span class='ocrx_word' id='word_1_19' title='bbox 807 759 896 812; x_wconf 90' lang='lat' dir='ltr'><strong>locum</strong></span> <span class='ocrx_word' id='word_1_20' title='bbox 908 759 941 812; x_wconf 72' lang='lat' dir='ltr'><strong>ii·</strong></span> <span class='ocrx_word' id='word_1_21' title='bbox 950 759 978 811; x_wconf 89' lang='lat' dir='ltr'><strong>in</strong></span> <span class='ocrx_word' id='word_1_22' title='bbox 989 758 1047 830; x_wconf 71' lang='lat' dir='ltr'><strong>ipro</strong></span> <span class='ocrx_word' id='word_1_23' title='bbox 1059 771 1180 812; x_wconf 84' lang='lat' dir='ltr'><strong>contextu</strong></span> <span class='ocrx_word' id='word_1_24' title='bbox 1195 759 1342 816; x_wconf 83' lang='lat' dir='ltr'>concedere</span> <span class='ocrx_word' id='word_1_25' title='bbox 1353 762 1445 815; x_wconf 84' lang='lat' dir='ltr'><strong>noluo·</strong></span> 
     </span>
     <span class='ocr_line' id='line_1_4' title="bbox 372 840 1445 914; baseline 0.001 -18"><span class='ocrx_word' id='word_1_26' title='bbox 372 854 452 910; x_wconf 85' lang='lat' dir='ltr'><strong>runt,</strong></span> <span class='ocrx_word' id='word_1_27' title='bbox 469 840 622 896; x_wconf 89' lang='lat' dir='ltr'><strong>eorumdem</strong></span> <span class='ocrx_word' id='word_1_28' title='bbox 636 854 725 896; x_wconf 87' lang='lat' dir='ltr'><strong>tamen</strong></span> <span class='ocrx_word' id='word_1_29' title='bbox 735 843 884 914; x_wconf 86' lang='lat' dir='ltr'><strong>exemplum</strong></span> <span class='ocrx_word' id='word_1_30' title='bbox 898 853 1024 914; x_wconf 77' lang='lat' dir='ltr'><strong>requutur</strong></span> <span class='ocrx_word' id='word_1_31' title='bbox 1036 841 1064 896; x_wconf 88' lang='lat' dir='ltr'><strong>in</strong></span> <span class='ocrx_word' id='word_1_32' title='bbox 1077 843 1268 897; x_wconf 67' lang='lat' dir='ltr'><strong>commentario</strong></span> <span class='ocrx_word' id='word_1_33' title='bbox 1281 845 1356 897; x_wconf 88' lang='lat' dir='ltr'><strong>uolui</strong></span> <span class='ocrx_word' id='word_1_34' title='bbox 1368 844 1445 897; x_wconf 90' lang='lat' dir='ltr'><strong>omit·</strong></span> 
     </span>
     <span class='ocr_line' id='line_1_5' title="bbox 373 922 1445 996; baseline -0.005 -15"><span class='ocrx_word' id='word_1_35' title='bbox 373 939 441 981; x_wconf 85' lang='lat' dir='ltr'><strong>tere.</strong></span> <span class='ocrx_word' id='word_1_36' title='bbox 461 952 475 972; x_wconf 68' lang='grc' dir='ltr'><strong>ι</strong></span> <span class='ocrx_word' id='word_1_37' title='bbox 497 957 533 967; x_wconf 94' lang='lat'><em>-</em></span> <span class='ocrx_word' id='word_1_38' title='bbox 551 925 592 979; x_wconf 90' lang='lat' dir='ltr'><strong>Sic</strong></span> <span class='ocrx_word' id='word_1_39' title='bbox 609 925 773 996; x_wconf 69' lang='lat' dir='ltr'><strong>Wagnerua.</strong></span> <span class='ocrx_word' id='word_1_40' title='bbox 793 924 888 978; x_wconf 72' lang='lat' dir='ltr'><strong>Variae</strong></span> <span class='ocrx_word' id='word_1_41' title='bbox 906 923 1032 976; x_wconf 87' lang='lat' dir='ltr'><strong>lectionea</strong></span> <span class='ocrx_word' id='word_1_42' title='bbox 1050 922 1121 977; x_wconf 81' lang='lat' dir='ltr'><strong>vide.</strong></span> <span class='ocrx_word' id='word_1_43' title='bbox 1139 923 1223 978; x_wconf 80' lang='lat' dir='ltr'><strong>Nihili</strong></span> <span class='ocrx_word' id='word_1_44' title='bbox 1241 923 1359 980; x_wconf 80' lang='lat' dir='ltr'><strong>habendi</strong></span> <span class='ocrx_word' id='word_1_45' title='bbox 1382 933 1445 978; x_wconf 84' lang='lat' dir='ltr'><strong>eunt</strong></span> 
     </span>
     <span class='ocr_line' id='line_1_6' title="bbox 372 1007 1446 1080; baseline 0.002 -18"><span class='ocrx_word' id='word_1_46' title='bbox 372 1008 410 1062; x_wconf 90' lang='lat' dir='ltr'><strong>illi</strong></span> <span class='ocrx_word' id='word_1_47' title='bbox 423 1007 538 1062; x_wconf 88' lang='lat' dir='ltr'><strong>aedecim</strong></span> <span class='ocrx_word' id='word_1_48' title='bbox 553 1025 645 1061; x_wconf 83' lang='lat' dir='ltr'><strong>verme</strong></span> <span class='ocrx_word' id='word_1_49' title='bbox 654 1045 662 1070; x_wconf 92' lang='lat'><strong>‚</strong></span> <span class='ocrx_word' id='word_1_50' title='bbox 672 1025 739 1079; x_wconf 82' lang='lat' dir='ltr'><strong>quoa</strong></span> <span class='ocrx_word' id='word_1_51' title='bbox 753 1007 869 1080; x_wconf 76' lang='lat' dir='ltr'><strong>aliquem</strong></span> <span class='ocrx_word' id='word_1_52' title='bbox 884 1025 915 1060; x_wconf 84' lang='lat' dir='ltr'><strong>ee</strong></span> <span class='ocrx_word' id='word_1_53' title='bbox 930 1017 1018 1060; x_wconf 86' lang='lat' dir='ltr'><strong>mente</strong></span> <span class='ocrx_word' id='word_1_54' title='bbox 1031 1020 1214 1062; x_wconf 85' lang='lat' dir='ltr'><strong>commentum</strong></span> <span class='ocrx_word' id='word_1_55' title='bbox 1228 1027 1285 1064; x_wconf 79' lang='lat' dir='ltr'><strong>eme</strong></span> <span class='ocrx_word' id='word_1_56' title='bbox 1296 1007 1446 1064; x_wconf 79' lang='lat' dir='ltr'><strong>verloimile</strong></span> 
     </span>
     <span class='ocr_line' id='line_1_7' title="bbox 357 1089 1032 1164; baseline -0.003 -18"><span class='ocrx_word' id='word_1_57' title='bbox 357 1103 430 1157; x_wconf 83' lang='lat' dir='ltr'><strong>eat,</strong></span> <span class='ocrx_word' id='word_1_58' title='bbox 442 1104 472 1147; x_wconf 85' lang='lat' dir='ltr'><strong>ut</strong></span> <span class='ocrx_word' id='word_1_59' title='bbox 485 1109 591 1147; x_wconf 73' lang='lat' dir='ltr'><strong>verrom</strong></span> <span class='ocrx_word' id='word_1_60' title='bbox 606 1089 654 1144; x_wconf 75' lang='lat'><strong>1³⁵</strong></span> <span class='ocrx_word' id='word_1_61' title='bbox 667 1109 727 1143; x_wconf 85' lang='lat' dir='ltr'><strong>cum</strong></span> <span class='ocrx_word' id='word_1_62' title='bbox 742 1107 820 1146; x_wconf 73' lang='lat' dir='ltr'><strong>versu</strong></span> <span class='ocrx_word' id='word_1_63' title='bbox 838 1093 886 1148; x_wconf 75' lang='lat'><strong>186</strong></span> <span class='ocrx_word' id='word_1_64' title='bbox 897 1092 1032 1164; x_wconf 79' lang='lat' dir='ltr'><strong>jungeret.</strong></span> 
     </span>
    </p>
   </div>
   <div class='ocr_carea' id='block_1_3' title="bbox 368 1244 1450 2397">
    <p class='ocr_par' dir='ltr' id='par_1_3' title="bbox 368 1244 1450 2397">
     <span class='ocr_line' id='line_1_8' title="bbox 402 1244 1447 1314; baseline -0.003 -14"><span class='ocrx_word' id='word_1_65' title='bbox 402 1247 437 1300; x_wconf 81' lang='lat' dir='ltr'><strong>V.</strong></span> <span class='ocrx_word' id='word_1_66' title='bbox 450 1251 509 1310; x_wconf 65' lang='lat' dir='ltr'><strong>tio.</strong></span> <span class='ocrx_word' id='word_1_67' title='bbox 521 1251 603 1298; x_wconf 68' lang='lat' dir='ltr'><strong>Macer</strong></span> <span class='ocrx_word' id='word_1_68' title='bbox 612 1247 694 1298; x_wconf 69' lang='lat' dir='ltr'><strong>adhuc</strong></span> <span class='ocrx_word' id='word_1_69' title='bbox 706 1249 793 1296; x_wconf 76' lang='lat' dir='ltr'><strong>ambas</strong></span> <span class='ocrx_word' id='word_1_70' title='bbox 804 1248 920 1298; x_wconf 69' lang='lat' dir='ltr'><strong>audebat</strong></span> <span class='ocrx_word' id='word_1_71' title='bbox 931 1247 957 1296; x_wconf 83' lang='lat' dir='ltr'><strong>iu</strong></span> <span class='ocrx_word' id='word_1_72' title='bbox 965 1265 1069 1314; x_wconf 76' lang='lat' dir='ltr'><strong>aequora</strong></span> <span class='ocrx_word' id='word_1_73' title='bbox 1077 1249 1186 1313; x_wconf 75' lang='lat' dir='ltr'><strong>palmae·</strong></span> <span class='ocrx_word' id='word_1_74' title='bbox 1195 1275 1230 1286; x_wconf 93' lang='grc'>-</span> <span class='ocrx_word' id='word_1_75' title='bbox 1243 1269 1257 1290; x_wconf 71' lang='grc' dir='ltr'><strong>ι</strong></span> <span class='ocrx_word' id='word_1_76' title='bbox 1266 1244 1389 1298; x_wconf 83' lang='lat' dir='ltr'><strong>Otiotum</strong></span> <span class='ocrx_word' id='word_1_77' title='bbox 1399 1248 1447 1297; x_wconf 77' lang='lat' dir='ltr'><strong>acl·</strong></span> 
     </span>
     <span class='ocr_line' id='line_1_9' title="bbox 368 1326 1447 1404; baseline -0.003 -21"><span class='ocrx_word' id='word_1_78' title='bbox 368 1333 429 1393; x_wconf 79' lang='lat' dir='ltr'><strong>lue,</strong></span> <span class='ocrx_word' id='word_1_79' title='bbox 449 1329 717 1402; x_wconf 74' lang='lat' dir='ltr'><strong>iuquitWaguerur,</strong></span> <span class='ocrx_word' id='word_1_80' title='bbox 732 1327 782 1382; x_wconf 82' lang='lat' dir='ltr'><strong>ulai</strong></span> <span class='ocrx_word' id='word_1_81' title='bbox 798 1327 864 1404; x_wconf 69' lang='lat' dir='ltr'><strong>velie</strong></span> <span class='ocrx_word' id='word_1_82' title='bbox 875 1328 1021 1382; x_wconf 81' lang='lat' dir='ltr'><strong>reecribme</strong></span> <span class='ocrx_word' id='word_1_83' title='bbox 1036 1331 1074 1381; x_wconf 79' lang='lat' dir='ltr'><strong>ud</strong></span> <span class='ocrx_word' id='word_1_84' title='bbox 1086 1331 1139 1380; x_wconf 75' lang='lat' dir='ltr'><strong>tec</strong></span> <span class='ocrx_word' id='word_1_85' title='bbox 1149 1326 1240 1382; x_wconf 88' lang='lat' dir='ltr'><strong>audita</strong></span> <span class='ocrx_word' id='word_1_86' title='bbox 1252 1327 1355 1380; x_wconf 75' lang='lat' dir='ltr'><strong>etrite.</strong></span> <span class='ocrx_word' id='word_1_87' title='bbox 1373 1326 1447 1393; x_wconf 83' lang='lat' dir='ltr'><strong>Quid</strong></span> 
     </span>
     <span class='ocr_line' id='line_1_10' title="bbox 370 1409 1447 1484; baseline -0.004 -16"><span class='ocrx_word' id='word_1_88' title='bbox 370 1414 393 1468; x_wconf 82' lang='lat' dir='ltr'><strong>ri</strong></span> <span class='ocrx_word' id='word_1_89' title='bbox 404 1417 499 1480; x_wconf 67' lang='lat' dir='ltr'><strong>Iclp&#39;aet</strong></span> <span class='ocrx_word' id='word_1_90' title='bbox 510 1412 562 1466; x_wconf 88' lang='lat' dir='ltr'><strong>hoo</strong></span> <span class='ocrx_word' id='word_1_91' title='bbox 577 1411 649 1465; x_wconf 88' lang='lat' dir='ltr'><strong>enim</strong></span> <span class='ocrx_word' id='word_1_92' title='bbox 662 1429 761 1466; x_wconf 90' lang='lat' dir='ltr'><strong>nomeu</strong></span> <span class='ocrx_word' id='word_1_93' title='bbox 774 1412 825 1467; x_wconf 81' lang='lat' dir='ltr'><strong>fuit</strong></span> <span class='ocrx_word' id='word_1_94' title='bbox 843 1413 922 1466; x_wconf 77' lang='lat' dir='ltr'><strong>moui</strong></span> <span class='ocrx_word' id='word_1_95' title='bbox 933 1412 1052 1476; x_wconf 69' lang='lat' dir='ltr'><strong>Medeai,</strong></span> <span class='ocrx_word' id='word_1_96' title='bbox 1065 1431 1114 1466; x_wconf 87' lang='lat' dir='ltr'><strong>nec</strong></span> <span class='ocrx_word' id='word_1_97' title='bbox 1133 1409 1278 1465; x_wconf 79' lang='lat' dir='ltr'><strong>admodum</strong></span> <span class='ocrx_word' id='word_1_98' title='bbox 1291 1423 1447 1484; x_wconf 74' lang='lat' dir='ltr'><strong>repugnant</strong></span> 
     </span>
     <span class='ocr_line' id='line_1_11' title="bbox 369 1489 1447 1566; baseline -0.005 -19"><span class='ocrx_word' id='word_1_99' title='bbox 369 1493 465 1547; x_wconf 79' lang='lat' dir='ltr'><strong>ductor</strong></span> <span class='ocrx_word' id='word_1_100' title='bbox 484 1492 628 1546; x_wconf 85' lang='lat' dir='ltr'><strong>literarum.</strong></span> <span class='ocrx_word' id='word_1_101' title='bbox 644 1491 745 1546; x_wconf 82' lang='lat' dir='ltr'><strong>Obeese</strong></span> <span class='ocrx_word' id='word_1_102' title='bbox 758 1490 906 1559; x_wconf 81' lang='lat' dir='ltr'><strong>videbatur,</strong></span> <span class='ocrx_word' id='word_1_103' title='bbox 917 1490 991 1566; x_wconf 84' lang='lat' dir='ltr'><strong>quod</strong></span> <span class='ocrx_word' id='word_1_104' title='bbox 1009 1493 1166 1564; x_wconf 87' lang='lat' dir='ltr'><strong>plerumque</strong></span> <span class='ocrx_word' id='word_1_105' title='bbox 1182 1489 1272 1546; x_wconf 68' lang='grc' dir='ltr'><strong>Εἰδυῖα</strong></span> <span class='ocrx_word' id='word_1_106' title='bbox 1284 1489 1447 1554; x_wconf 85' lang='lat' dir='ltr'><strong>inveniatur,</strong></span> 
     </span>
     <span class='ocr_line' id='line_1_12' title="bbox 368 1563 1446 1645; baseline -0.005 -18"><span class='ocrx_word' id='word_1_107' title='bbox 368 1572 483 1644; x_wconf 85' lang='lat' dir='ltr'><strong>ideoque</strong></span> <span class='ocrx_word' id='word_1_108' title='bbox 495 1573 584 1645; x_wconf 82' lang='lat' dir='ltr'><strong>prima</strong></span> <span class='ocrx_word' id='word_1_109' title='bbox 598 1571 700 1643; x_wconf 84' lang='lat' dir='ltr'><strong>ayllaba</strong></span> <span class='ocrx_word' id='word_1_110' title='bbox 711 1571 808 1643; x_wconf 81' lang='lat' dir='ltr'><strong>corripi</strong></span> <span class='ocrx_word' id='word_1_111' title='bbox 821 1589 876 1624; x_wconf 88' lang='lat' dir='ltr'><strong>non</strong></span> <span class='ocrx_word' id='word_1_112' title='bbox 891 1572 989 1644; x_wconf 78' lang='lat' dir='ltr'><strong>poarit3</strong></span> <span class='ocrx_word' id='word_1_113' title='bbox 1005 1570 1050 1624; x_wconf 86' lang='lat' dir='ltr'><strong>aed</strong></span> <span class='ocrx_word' id='word_1_114' title='bbox 1061 1563 1133 1626; x_wconf 69' lang='lat' dir='ltr'><strong>licia</strong></span> <span class='ocrx_word' id='word_1_115' title='bbox 1144 1589 1198 1624; x_wconf 90' lang='lat' dir='ltr'><strong>non</strong></span> <span class='ocrx_word' id='word_1_116' title='bbox 1207 1571 1294 1623; x_wconf 79' lang='lat' dir='ltr'><strong>minue</strong></span> <span class='ocrx_word' id='word_1_117' title='bbox 1307 1571 1390 1634; x_wconf 89' lang='lat' dir='ltr'><strong>bene,</strong></span> <span class='ocrx_word' id='word_1_118' title='bbox 1405 1571 1446 1623; x_wconf 90' lang='lat' dir='ltr'><strong>uti</strong></span> 
     </span>
     <span class='ocr_line' id='line_1_13' title="bbox 371 1653 1447 1731; baseline -0.005 -20"><span class='ocrx_word' id='word_1_119' title='bbox 371 1658 492 1731; x_wconf 79' lang='lat' dir='ltr'><strong>licyuiur</strong></span> <span class='ocrx_word' id='word_1_120' title='bbox 503 1655 538 1710; x_wconf 87' lang='lat' dir='ltr'><strong>ad</strong></span> <span class='ocrx_word' id='word_1_121' title='bbox 550 1654 704 1728; x_wconf 75' lang='lat' dir='ltr'><strong>Apollodor.</strong></span> <span class='ocrx_word' id='word_1_122' title='bbox 715 1674 740 1727; x_wconf 91' lang='lat' dir='ltr'><strong>p.</strong></span> <span class='ocrx_word' id='word_1_123' title='bbox 758 1655 820 1722; x_wconf 73' lang='lat' dir='ltr'><strong>rol,</strong></span> <span class='ocrx_word' id='word_1_124' title='bbox 838 1655 935 1730; x_wconf 85' lang='lat' dir='ltr'><strong>probat</strong></span> <span class='ocrx_word' id='word_1_125' title='bbox 951 1673 982 1708; x_wconf 85' lang='lat' dir='ltr'><strong>ex</strong></span> <span class='ocrx_word' id='word_1_126' title='bbox 993 1653 1103 1707; x_wconf 79' lang='lat' dir='ltr'><strong>Hesiodi</strong></span> <span class='ocrx_word' id='word_1_127' title='bbox 1112 1653 1215 1726; x_wconf 83' lang='lat' dir='ltr'><strong>Theog.</strong></span> <span class='ocrx_word' id='word_1_128' title='bbox 1233 1657 1296 1724; x_wconf 84' lang='lat'><strong>960,</strong></span> <span class='ocrx_word' id='word_1_129' title='bbox 1308 1655 1355 1706; x_wconf 88' lang='lat' dir='ltr'><strong>ubi</strong></span> <span class='ocrx_word' id='word_1_130' title='bbox 1368 1653 1447 1707; x_wconf 83' lang='lat' dir='ltr'><strong>etiam</strong></span> 
     </span>
     <span class='ocr_line' id='line_1_14' title="bbox 372 1738 1447 1814; baseline -0.004 -20"><span class='ocrx_word' id='word_1_131' title='bbox 372 1741 462 1814; x_wconf 86' lang='lat' dir='ltr'><strong>prima</strong></span> <span class='ocrx_word' id='word_1_132' title='bbox 473 1739 576 1812; x_wconf 70' lang='lat' dir='ltr'><strong>syllaba</strong></span> <span class='ocrx_word' id='word_1_133' title='bbox 589 1739 683 1792; x_wconf 84' lang='lat' dir='ltr'><strong>brevia.</strong></span> <span class='ocrx_word' id='word_1_134' title='bbox 696 1738 823 1806; x_wconf 77' lang='lat' dir='ltr'><strong>Accedit,</strong></span> <span class='ocrx_word' id='word_1_135' title='bbox 836 1738 909 1811; x_wconf 79' lang='lat' dir='ltr'><strong>q&#39;uod</strong></span> <span class='ocrx_word' id='word_1_136' title='bbox 925 1757 1023 1792; x_wconf 86' lang='lat' dir='ltr'><strong>nomen</strong></span> <span class='ocrx_word' id='word_1_137' title='bbox 1037 1738 1176 1812; x_wconf 87' lang='lat' dir='ltr'><strong>proprium</strong></span> <span class='ocrx_word' id='word_1_138' title='bbox 1193 1739 1236 1792; x_wconf 84' lang='lat' dir='ltr'><strong>vix</strong></span> <span class='ocrx_word' id='word_1_139' title='bbox 1250 1740 1339 1792; x_wconf 75' lang='lat' dir='ltr'><strong>aberae</strong></span> <span class='ocrx_word' id='word_1_140' title='bbox 1355 1755 1447 1810; x_wconf 79' lang='lat' dir='ltr'><strong>poree,</strong></span> 
     </span>
     <span class='ocr_line' id='line_1_15' title="bbox 373 1821 1448 1896; baseline -0.006 -16"><span class='ocrx_word' id='word_1_141' title='bbox 373 1825 466 1880; x_wconf 76' lang='lat' dir='ltr'><strong>eteola</strong></span> <span class='ocrx_word' id='word_1_142' title='bbox 481 1823 650 1877; x_wconf 78' lang='lat' dir='ltr'><strong>librariorum</strong></span> <span class='ocrx_word' id='word_1_143' title='bbox 669 1822 789 1888; x_wconf 73' lang='lat' dir='ltr'><strong>inscitia,</strong></span> <span class='ocrx_word' id='word_1_144' title='bbox 805 1822 851 1896; x_wconf 84' lang='lat' dir='ltr'><strong>qui</strong></span> <span class='ocrx_word' id='word_1_145' title='bbox 867 1823 975 1876; x_wconf 81' lang='lat' dir='ltr'><strong>nomina</strong></span> <span class='ocrx_word' id='word_1_146' title='bbox 997 1821 1105 1895; x_wconf 87' lang='lat' dir='ltr'><strong>propria</strong></span> <span class='ocrx_word' id='word_1_147' title='bbox 1124 1822 1224 1875; x_wconf 87' lang='lat' dir='ltr'><strong>rariora</strong></span> <span class='ocrx_word' id='word_1_148' title='bbox 1243 1822 1292 1875; x_wconf 71' lang='lat' dir='ltr'><strong>sihi</strong></span> <span class='ocrx_word' id='word_1_149' title='bbox 1313 1821 1448 1893; x_wconf 80' lang='lat' dir='ltr'><strong>incognita</strong></span> 
     </span>
     <span class='ocr_line' id='line_1_16' title="bbox 374 1904 1448 1978; baseline -0.004 -17"><span class='ocrx_word' id='word_1_150' title='bbox 374 1919 479 1961; x_wconf 88' lang='lat' dir='ltr'><strong>mutare</strong></span> <span class='ocrx_word' id='word_1_151' title='bbox 491 1905 625 1970; x_wconf 83' lang='lat' dir='ltr'><strong>solebant,</strong></span> <span class='ocrx_word' id='word_1_152' title='bbox 642 1904 769 1960; x_wconf 70' lang='lat' dir='ltr'><strong>exciditne</strong></span> <span class='ocrx_word' id='word_1_153' title='bbox 785 1905 917 1961; x_wconf 85' lang='lat' dir='ltr'><strong>videatur.</strong></span> <span class='ocrx_word' id='word_1_154' title='bbox 931 1907 1092 1975; x_wconf 82' lang='lat' dir='ltr'><strong>Temperare</strong></span> <span class='ocrx_word' id='word_1_155' title='bbox 1110 1905 1192 1977; x_wconf 77' lang='lat' dir='ltr'><strong>igitur</strong></span> <span class='ocrx_word' id='word_1_156' title='bbox 1206 1925 1260 1960; x_wconf 90' lang='lat' dir='ltr'><strong>uon</strong></span> <span class='ocrx_word' id='word_1_157' title='bbox 1278 1905 1369 1978; x_wconf 91' lang='lat' dir='ltr'><strong>potui,</strong></span> <span class='ocrx_word' id='word_1_158' title='bbox 1382 1906 1448 1977; x_wconf 89' lang='lat' dir='ltr'><strong>quin</strong></span> 
     </span>
     <span class='ocr_line' id='line_1_17' title="bbox 375 1987 1449 2062; baseline -0.001 -19"><span class='ocrx_word' id='word_1_159' title='bbox 375 1989 493 2055; x_wconf 76' lang='lat' dir='ltr'><strong>luminat,</strong></span> <span class='ocrx_word' id='word_1_160' title='bbox 503 2007 584 2062; x_wconf 84' lang='lat' dir='ltr'><strong>quatu</strong></span> <span class='ocrx_word' id='word_1_161' title='bbox 595 2000 621 2042; x_wconf 87' lang='lat' dir='ltr'><strong>et</strong></span> <span class='ocrx_word' id='word_1_162' title='bbox 631 1989 803 2061; x_wconf 73' lang='lat' dir='ltr'><strong>Apollonius,</strong></span> <span class='ocrx_word' id='word_1_163' title='bbox 815 1990 868 2056; x_wconf 88' lang='grc' dir='ltr'>ΙΙΙ,</span> <span class='ocrx_word' id='word_1_164' title='bbox 885 1990 946 2054; x_wconf 66' lang='lat'><strong>243,</strong></span> <span class='ocrx_word' id='word_1_165' title='bbox 961 1989 1118 2043; x_wconf 85' lang='lat' dir='ltr'><strong>nominatim</strong></span> <span class='ocrx_word' id='word_1_166' title='bbox 1132 1987 1213 2042; x_wconf 80' lang='lat' dir='ltr'><strong>hahet</strong></span> <span class='ocrx_word' id='word_1_167' title='bbox 1221 2026 1230 2050; x_wconf 86' lang='lat'><strong>,</strong></span> <span class='ocrx_word' id='word_1_168' title='bbox 1239 1992 1394 2043; x_wconf 84' lang='lat' dir='ltr'><strong>memoriam</strong></span> <span class='ocrx_word' id='word_1_169' title='bbox 1408 2007 1449 2042; x_wconf 84' lang='lat' dir='ltr'><strong>re·</strong></span> 
     </span>
     <span class='ocr_line' id='line_1_18' title="bbox 376 2069 1449 2144; baseline -0.004 -16"><span class='ocrx_word' id='word_1_170' title='bbox 376 2091 517 2136; x_wconf 79' lang='lat' dir='ltr'><strong>nomem,</strong></span> <span class='ocrx_word' id='word_1_171' title='bbox 537 2072 679 2144; x_wconf 88' lang='lat' dir='ltr'><strong>locumque</strong></span> <span class='ocrx_word' id='word_1_172' title='bbox 692 2071 717 2126; x_wconf 82' lang='lat' dir='ltr'><strong>ei</strong></span> <span class='ocrx_word' id='word_1_173' title='bbox 730 2072 758 2124; x_wconf 94' lang='lat' dir='ltr'><strong>in</strong></span> <span class='ocrx_word' id='word_1_174' title='bbox 780 2071 838 2144; x_wconf 82' lang='lat' dir='ltr'><strong>ipso</strong></span> <span class='ocrx_word' id='word_1_175' title='bbox 858 2081 980 2126; x_wconf 83' lang='lat' dir='ltr'><strong>contexto</strong></span> <span class='ocrx_word' id='word_1_176' title='bbox 992 2069 1180 2138; x_wconf 84' lang='lat' dir='ltr'><strong>concederem,</strong></span> <span class='ocrx_word' id='word_1_177' title='bbox 1200 2072 1301 2126; x_wconf 87' lang='lat' dir='ltr'><strong>lleinaii</strong></span> <span class='ocrx_word' id='word_1_178' title='bbox 1319 2082 1449 2144; x_wconf 68' lang='lat' dir='ltr'><strong>sequutus</strong></span> 
     </span>
     <span class='ocr_line' id='line_1_19' title="bbox 376 2155 1449 2228; baseline -0.004 -16"><span class='ocrx_word' id='word_1_179' title='bbox 376 2155 542 2228; x_wconf 79' lang='lat' dir='ltr'><strong>exemplum,</strong></span> <span class='ocrx_word' id='word_1_180' title='bbox 556 2157 603 2228; x_wconf 84' lang='lat' dir='ltr'><strong>qui</strong></span> <span class='ocrx_word' id='word_1_181' title='bbox 618 2155 736 2209; x_wconf 86' lang='lat' dir='ltr'><strong>eamdem</strong></span> <span class='ocrx_word' id='word_1_182' title='bbox 751 2155 863 2218; x_wconf 71' lang='lat' dir='ltr'><strong>Ouidio,</strong></span> <span class='ocrx_word' id='word_1_183' title='bbox 874 2155 982 2210; x_wconf 78' lang='lat' dir='ltr'><strong>lleroid,</strong></span> <span class='ocrx_word' id='word_1_184' title='bbox 993 2157 1085 2220; x_wconf 82' lang='lat' dir='ltr'><strong>xvlt,</strong></span> <span class='ocrx_word' id='word_1_185' title='bbox 1107 2158 1168 2222; x_wconf 73' lang='lat'><strong>232,</strong></span> <span class='ocrx_word' id='word_1_186' title='bbox 1182 2157 1296 2210; x_wconf 76' lang='lat' dir='ltr'><strong>restituit</strong></span> <span class='ocrx_word' id='word_1_187' title='bbox 1305 2181 1316 2202; x_wconf 83' lang='grc' dir='ltr'><strong>ι</strong></span> <span class='ocrx_word' id='word_1_188' title='bbox 1325 2157 1449 2209; x_wconf 86' lang='lat' dir='ltr'><strong>.—Illam</strong></span> 
     </span>
     <span class='ocr_line' id='line_1_20' title="bbox 378 2233 1450 2313; baseline -0.003 -18"><span class='ocrx_word' id='word_1_189' title='bbox 378 2241 549 2295; x_wconf 81' lang='lat' dir='ltr'><strong>mutationem</strong></span> <span class='ocrx_word' id='word_1_190' title='bbox 563 2257 613 2294; x_wconf 86' lang='lat' dir='ltr'><strong>uec</strong></span> <span class='ocrx_word' id='word_1_191' title='bbox 626 2233 761 2313; x_wconf 80' lang='lat' dir='ltr'><strong>patiuntur</strong></span> <span class='ocrx_word' id='word_1_192' title='bbox 771 2239 891 2308; x_wconf 83' lang='lat' dir='ltr'><strong>codicer,</strong></span> <span class='ocrx_word' id='word_1_193' title='bbox 901 2257 951 2294; x_wconf 85' lang='lat' dir='ltr'><strong>nec</strong></span> <span class='ocrx_word' id='word_1_194' title='bbox 959 2238 1071 2312; x_wconf 84' lang='lat' dir='ltr'><strong>requirit</strong></span> <span class='ocrx_word' id='word_1_195' title='bbox 1081 2258 1183 2294; x_wconf 75' lang='grc' dir='ltr'><strong>ιιιιιιιι.</strong></span> <span class='ocrx_word' id='word_1_196' title='bbox 1196 2243 1299 2302; x_wconf 77' lang='lat' dir='ltr'><strong>Adlue,</strong></span> <span class='ocrx_word' id='word_1_197' title='bbox 1312 2239 1329 2293; x_wconf 83' lang='lat' dir='ltr'><strong>i.</strong></span> <span class='ocrx_word' id='word_1_198' title='bbox 1342 2259 1365 2292; x_wconf 90' lang='lat' dir='ltr'><strong>e.</strong></span> <span class='ocrx_word' id='word_1_199' title='bbox 1376 2239 1450 2292; x_wconf 83' lang='lat' dir='ltr'><strong>imu-</strong></span> 
     </span>
     <span class='ocr_line' id='line_1_21' title="bbox 378 2337 585 2397; baseline 0 -19"><span class='ocrx_word' id='word_1_200' title='bbox 378 2343 437 2396; x_wconf 89' lang='lat' dir='ltr'><strong>per‚</strong></span> <span class='ocrx_word' id='word_1_201' title='bbox 450 2337 585 2397; x_wconf 74' lang='lat' dir='ltr'><strong>preterea.</strong></span> 
     </span>
    </p>
   </div>
   <div class='ocr_carea' id='block_1_4' title="bbox 414 2474 1253 2792">
    <p class='ocr_par' dir='ltr' id='par_1_4' title="bbox 414 2474 1253 2792">
     <span class='ocr_line' id='line_1_22' title="bbox 414 2474 1106 2544; baseline -0.001 -18"><span class='ocrx_word' id='word_1_202' title='bbox 414 2474 450 2526; x_wconf 82' lang='lat' dir='ltr'><strong>V.</strong></span> <span class='ocrx_word' id='word_1_203' title='bbox 464 2477 513 2544; x_wconf 86' lang='lat'><strong>167</strong></span> <span class='ocrx_word' id='word_1_204' title='bbox 519 2509 863 2526; x_wconf 84' lang='grc'><strong>....................</strong></span> <span class='ocrx_word' id='word_1_205' title='bbox 879 2491 1007 2526; x_wconf 71' lang='lat' dir='ltr'><strong>conrnune</strong></span> <span class='ocrx_word' id='word_1_206' title='bbox 1014 2477 1106 2543; x_wconf 69' lang='lat' dir='ltr'><strong>finiret</strong></span> 
     </span>
     <span class='ocr_line' id='line_1_23' title="bbox 519 2559 1114 2626; baseline 0.002 -18"><span class='ocrx_word' id='word_1_207' title='bbox 519 2562 572 2608; x_wconf 82' lang='lat' dir='ltr'><strong>Aut</strong></span> <span class='ocrx_word' id='word_1_208' title='bbox 580 2571 644 2608; x_wconf 83' lang='lat' dir='ltr'><strong>certe</strong></span> <span class='ocrx_word' id='word_1_209' title='bbox 652 2577 717 2607; x_wconf 80' lang='lat' dir='ltr'><strong>nunc</strong></span> <span class='ocrx_word' id='word_1_210' title='bbox 726 2575 798 2608; x_wconf 75' lang='lat' dir='ltr'><strong>omne</strong></span> <span class='ocrx_word' id='word_1_211' title='bbox 806 2559 887 2626; x_wconf 61' lang='lat' dir='ltr'><strong>nefus,</strong></span> <span class='ocrx_word' id='word_1_212' title='bbox 900 2561 988 2608; x_wconf 74' lang='lat' dir='ltr'><strong>irem</strong></span> <span class='ocrx_word' id='word_1_213' title='bbox 997 2571 1022 2608; x_wconf 86' lang='lat' dir='ltr'><strong>et</strong></span> <span class='ocrx_word' id='word_1_214' title='bbox 1033 2561 1114 2610; x_wconf 70' lang='lat' dir='ltr'><strong>ambre</strong></span> 
     </span>
     <span class='ocr_line' id='line_1_24' title="bbox 520 2643 1134 2710; baseline 0 -18"><span class='ocrx_word' id='word_1_215' title='bbox 520 2647 551 2692; x_wconf 84' lang='lat' dir='ltr'><strong>Iu</strong></span> <span class='ocrx_word' id='word_1_216' title='bbox 566 2661 731 2709; x_wconf 79' lang='lat' dir='ltr'><strong>quascumque</strong></span> <span class='ocrx_word' id='word_1_217' title='bbox 741 2645 798 2692; x_wconf 81' lang='lat' dir='ltr'><strong>vias</strong></span> <span class='ocrx_word' id='word_1_218' title='bbox 805 2662 815 2702; x_wconf 81' lang='lat'><strong>‚-</strong></span> <span class='ocrx_word' id='word_1_219' title='bbox 822 2645 921 2709; x_wconf 82' lang='lat' dir='ltr'><strong>pariter</strong></span> <span class='ocrx_word' id='word_1_220' title='bbox 930 2643 1028 2708; x_wconf 80' lang='lat' dir='ltr'><strong>petiisse</strong></span> <span class='ocrx_word' id='word_1_221' title='bbox 1033 2645 1134 2710; x_wconf 75' lang='lat' dir='ltr'><strong>juvaret</strong></span> 
     </span>
     <span class='ocr_line' id='line_1_25' title="bbox 522 2725 1253 2792; baseline 0 -16"><span class='ocrx_word' id='word_1_222' title='bbox 522 2725 686 2785; x_wconf 67' lang='lat' dir='ltr'><strong>Thessaliam,</strong></span> <span class='ocrx_word' id='word_1_223' title='bbox 700 2740 724 2776; x_wconf 82' lang='lat' dir='ltr'><strong>et</strong></span> <span class='ocrx_word' id='word_1_224' title='bbox 736 2727 805 2786; x_wconf 74' lang='lat' dir='ltr'><strong>saei,</strong></span> <span class='ocrx_word' id='word_1_225' title='bbox 819 2743 979 2792; x_wconf 71' lang='lat' dir='ltr'><strong>quecumque</strong></span> <span class='ocrx_word' id='word_1_226' title='bbox 991 2739 1038 2786; x_wconf 80' lang='lat' dir='ltr'><strong>est,</strong></span> <span class='ocrx_word' id='word_1_227' title='bbox 1050 2726 1149 2792; x_wconf 75' lang='lat' dir='ltr'><strong>hospitis</strong></span> <span class='ocrx_word' id='word_1_228' title='bbox 1162 2727 1253 2776; x_wconf 76' lang='lat' dir='ltr'><strong>urbem.</strong></span> 
     </span>
    </p>
   </div>
   <div class='ocr_carea' id='block_1_5' title="bbox 372 2855 1452 3345">
    <p class='ocr_par' dir='ltr' id='par_1_5' title="bbox 372 2855 1452 3345">
     <span class='ocr_line' id='line_1_26' title="bbox 379 2855 1450 2929; baseline 0.004 -21"><span class='ocrx_word' id='word_1_229' title='bbox 379 2882 391 2901; x_wconf 85' lang='lat'><strong>·</strong></span> <span class='ocrx_word' id='word_1_230' title='bbox 402 2857 488 2909; x_wconf 71' lang='lat' dir='ltr'><strong>Locus</strong></span> <span class='ocrx_word' id='word_1_231' title='bbox 504 2855 665 2922; x_wconf 74' lang='lat' dir='ltr'><strong>tulebeoeut,</strong></span> <span class='ocrx_word' id='word_1_232' title='bbox 680 2856 716 2908; x_wconf 82' lang='lat' dir='ltr'><strong>nit</strong></span> <span class='ocrx_word' id='word_1_233' title='bbox 727 2857 899 2927; x_wconf 76' lang='lat' dir='ltr'><strong>Woguerue,</strong></span> <span class='ocrx_word' id='word_1_234' title='bbox 916 2855 943 2908; x_wconf 92' lang='lat' dir='ltr'><strong>in</strong></span> <span class='ocrx_word' id='word_1_235' title='bbox 964 2874 1017 2929; x_wconf 88' lang='lat' dir='ltr'><strong>quo</strong></span> <span class='ocrx_word' id='word_1_236' title='bbox 1035 2855 1130 2908; x_wconf 85' lang='lat' dir='ltr'><strong>vocula</strong></span> <span class='ocrx_word' id='word_1_237' title='bbox 1147 2875 1211 2907; x_wconf 81' lang='lat' dir='ltr'><strong>nunc</strong></span> <span class='ocrx_word' id='word_1_238' title='bbox 1227 2873 1331 2907; x_wconf 78' lang='lat' dir='ltr'><strong>aeneum</strong></span> <span class='ocrx_word' id='word_1_239' title='bbox 1351 2857 1450 2912; x_wconf 80' lang='lat' dir='ltr'><strong>turbat.</strong></span> 
     </span>
     <span class='ocr_line' id='line_1_27' title="bbox 380 2938 1449 3011; baseline -0.001 -20"><span class='ocrx_word' id='word_1_240' title='bbox 380 2938 541 2993; x_wconf 74' lang='lat' dir='ltr'><strong>Accerserim</strong></span> <span class='ocrx_word' id='word_1_241' title='bbox 553 2938 662 2991; x_wconf 76' lang='lat' dir='ltr'><strong>Heinsio</strong></span> <span class='ocrx_word' id='word_1_242' title='bbox 672 2940 823 3011; x_wconf 76' lang='lat' dir='ltr'><strong>conjicienti</strong></span> <span class='ocrx_word' id='word_1_243' title='bbox 834 2956 841 2990; x_wconf 92' lang='lat'><strong>:</strong></span> <span class='ocrx_word' id='word_1_244' title='bbox 854 2959 981 2991; x_wconf 81' lang='lat' dir='ltr'><strong>commune</strong></span> <span class='ocrx_word' id='word_1_245' title='bbox 986 2941 1139 3008; x_wconf 76' lang='lat' dir='ltr'><strong>suissetAut</strong></span> <span class='ocrx_word' id='word_1_246' title='bbox 1151 2954 1215 2990; x_wconf 82' lang='lat' dir='ltr'><strong>ceree</strong></span> <span class='ocrx_word' id='word_1_247' title='bbox 1224 2952 1311 2992; x_wconf 85' lang='lat' dir='ltr'><strong>tecum</strong></span> <span class='ocrx_word' id='word_1_248' title='bbox 1324 2959 1395 2990; x_wconf 80' lang='lat' dir='ltr'><strong>omne</strong></span> <span class='ocrx_word' id='word_1_249' title='bbox 1409 2960 1449 2991; x_wconf 82' lang='lat' dir='ltr'><strong>ne-</strong></span> 
     </span>
     <span class='ocr_line' id='line_1_28' title="bbox 372 3021 1450 3095; baseline 0 -21"><span class='ocrx_word' id='word_1_250' title='bbox 372 3023 431 3092; x_wconf 83' lang='lat' dir='ltr'><strong>sas,</strong></span> <span class='ocrx_word' id='word_1_251' title='bbox 445 3021 531 3095; x_wconf 81' lang='lat' dir='ltr'><strong>itaque</strong></span> <span class='ocrx_word' id='word_1_252' title='bbox 547 3041 608 3074; x_wconf 90' lang='lat' dir='ltr'><strong>cum</strong></span> <span class='ocrx_word' id='word_1_253' title='bbox 622 3023 839 3077; x_wconf 76' lang='lat' dir='ltr'><strong>antecedentibus</strong></span> <span class='ocrx_word' id='word_1_254' title='bbox 855 3023 1054 3094; x_wconf 84' lang='lat' dir='ltr'><strong>conjunxerim:</strong></span> <span class='ocrx_word' id='word_1_255' title='bbox 1072 3023 1177 3076; x_wconf 84' lang='lat' dir='ltr'><strong>Utinam</strong></span> <span class='ocrx_word' id='word_1_256' title='bbox 1193 3021 1259 3075; x_wconf 89' lang='lat' dir='ltr'><strong>mihi</strong></span> <span class='ocrx_word' id='word_1_257' title='bbox 1277 3023 1395 3076; x_wconf 75' lang='lat' dir='ltr'><strong>confessa</strong></span> <span class='ocrx_word' id='word_1_258' title='bbox 1410 3041 1450 3076; x_wconf 79' lang='lat' dir='ltr'><strong>ee·</strong></span> 
     </span>
     <span class='ocr_line' id='line_1_29' title="bbox 383 3104 1451 3179; baseline 0.001 -21"><span class='ocrx_word' id='word_1_259' title='bbox 383 3105 437 3159; x_wconf 78' lang='lat' dir='ltr'><strong>ter!</strong></span> <span class='ocrx_word' id='word_1_260' title='bbox 450 3104 596 3158; x_wconf 72' lang='lat' dir='ltr'><strong>eructuem</strong></span> <span class='ocrx_word' id='word_1_261' title='bbox 608 3105 681 3176; x_wconf 86' lang='lat' dir='ltr'><strong>apud</strong></span> <span class='ocrx_word' id='word_1_262' title='bbox 694 3117 812 3179; x_wconf 89' lang='lat' dir='ltr'><strong>patrem,</strong></span> <span class='ocrx_word' id='word_1_263' title='bbox 822 3122 880 3167; x_wconf 82' lang='lat' dir='ltr'><strong>aut,</strong></span> <span class='ocrx_word' id='word_1_264' title='bbox 895 3107 917 3158; x_wconf 80' lang='lat' dir='ltr'><strong>ai</strong></span> <span class='ocrx_word' id='word_1_265' title='bbox 929 3105 974 3158; x_wconf 91' lang='lat' dir='ltr'><strong>hic</strong></span> <span class='ocrx_word' id='word_1_266' title='bbox 986 3107 1113 3160; x_wconf 79' lang='lat' dir='ltr'><strong>noluisset</strong></span> <span class='ocrx_word' id='word_1_267' title='bbox 1124 3106 1289 3170; x_wconf 69' lang='lat' dir='ltr'><strong>consentire,</strong></span> <span class='ocrx_word' id='word_1_268' title='bbox 1303 3123 1381 3158; x_wconf 83' lang='lat' dir='ltr'><strong>tecum</strong></span> <span class='ocrx_word' id='word_1_269' title='bbox 1395 3107 1451 3178; x_wconf 76' lang='lat' dir='ltr'><strong>ipra</strong></span> 
     </span>
     <span class='ocr_line' id='line_1_30' title="bbox 379 3189 1451 3262; baseline 0.001 -20"><span class='ocrx_word' id='word_1_270' title='bbox 379 3190 408 3242; x_wconf 89' lang='lat' dir='ltr'><strong>in</strong></span> <span class='ocrx_word' id='word_1_271' title='bbox 419 3189 569 3242; x_wconf 77' lang='lat' dir='ltr'><strong>societatem</strong></span> <span class='ocrx_word' id='word_1_272' title='bbox 582 3189 705 3243; x_wconf 80' lang='lat' dir='ltr'><strong>facinoris</strong></span> <span class='ocrx_word' id='word_1_273' title='bbox 717 3191 846 3244; x_wconf 74' lang='lat' dir='ltr'><strong>venissem</strong></span> <span class='ocrx_word' id='word_1_274' title='bbox 855 3207 863 3254; x_wconf 88' lang='lat'><strong>;</strong></span> <span class='ocrx_word' id='word_1_275' title='bbox 872 3193 960 3241; x_wconf 77' lang='lat' dir='ltr'><strong>irem</strong></span> <span class='ocrx_word' id='word_1_276' title='bbox 969 3194 1049 3242; x_wconf 74' lang='lat' dir='ltr'><strong>ambe</strong></span> <span class='ocrx_word' id='word_1_277' title='bbox 1057 3194 1082 3241; x_wconf 87' lang='lat' dir='ltr'><strong>in</strong></span> <span class='ocrx_word' id='word_1_278' title='bbox 1093 3195 1328 3260; x_wconf 76' lang='lat' dir='ltr'><strong>quascumquevias,</strong></span> <span class='ocrx_word' id='word_1_279' title='bbox 1335 3191 1391 3262; x_wconf 73' lang='lat' dir='ltr'><strong>ipsa</strong></span> <span class='ocrx_word' id='word_1_280' title='bbox 1402 3191 1451 3243; x_wconf 91' lang='lat' dir='ltr'><strong>tibi</strong></span> 
     </span>
     <span class='ocr_line' id='line_1_31' title="bbox 380 3271 1452 3345; baseline -0.002 -19"><span class='ocrx_word' id='word_1_281' title='bbox 380 3290 468 3326; x_wconf 82' lang='lat' dir='ltr'><strong>cornea</strong></span> <span class='ocrx_word' id='word_1_282' title='bbox 490 3272 561 3342; x_wconf 77' lang='lat' dir='ltr'><strong>suge</strong></span> <span class='ocrx_word' id='word_1_283' title='bbox 584 3271 709 3339; x_wconf 77' lang='lat' dir='ltr'><strong>iuirsem3</strong></span> <span class='ocrx_word' id='word_1_284' title='bbox 727 3277 875 3325; x_wconf 71' lang='lat' dir='ltr'><strong>Thessaliam</strong></span> <span class='ocrx_word' id='word_1_285' title='bbox 889 3285 977 3326; x_wconf 87' lang='lat' dir='ltr'><strong>tecum</strong></span> <span class='ocrx_word' id='word_1_286' title='bbox 999 3273 1146 3345; x_wconf 83' lang='lat' dir='ltr'><strong>petiiaaem,</strong></span> <span class='ocrx_word' id='word_1_287' title='bbox 1165 3290 1190 3325; x_wconf 82' lang='lat' dir='ltr'><strong>et</strong></span> <span class='ocrx_word' id='word_1_288' title='bbox 1207 3278 1275 3336; x_wconf 68' lang='lat' dir='ltr'><strong>servi,</strong></span> <span class='ocrx_word' id='word_1_289' title='bbox 1294 3293 1452 3343; x_wconf 74' lang='lat' dir='ltr'><strong>quecumque</strong></span> 
     </span>
    </p>
   </div>
   <div class='ocr_carea' id='block_1_6' title="bbox 379 3353 1560 3428">
    <p class='ocr_par' dir='ltr' id='par_1_6' title="bbox 379 3353 1560 3428">
     <span class='ocr_line' id='line_1_32' title="bbox 379 3353 1560 3428; baseline 0.003 -20"><span class='ocrx_word' id='word_1_290' title='bbox 379 3370 422 3416; x_wconf 76' lang='lat' dir='ltr'><strong>est,</strong></span> <span class='ocrx_word' id='word_1_291' title='bbox 431 3354 473 3406; x_wconf 81' lang='lat' dir='ltr'><strong>rel</strong></span> <span class='ocrx_word' id='word_1_292' title='bbox 482 3353 650 3426; x_wconf 87' lang='lat' dir='ltr'><strong>oppidulum,</strong></span> <span class='ocrx_word' id='word_1_293' title='bbox 660 3355 701 3408; x_wconf 83' lang='lat' dir='ltr'><strong>vel</strong></span> <span class='ocrx_word' id='word_1_294' title='bbox 712 3359 794 3408; x_wconf 80' lang='lat' dir='ltr'><strong>urbem</strong></span> <span class='ocrx_word' id='word_1_295' title='bbox 805 3359 915 3425; x_wconf 73' lang='lat' dir='ltr'><strong>hospitis.</strong></span> <span class='ocrx_word' id='word_1_296' title='bbox 927 3356 970 3410; x_wconf 85' lang='lat' dir='ltr'><strong>sic</strong></span> <span class='ocrx_word' id='word_1_297' title='bbox 982 3356 1069 3414; x_wconf 80' lang='lat' dir='ltr'><strong>omnia</strong></span> <span class='ocrx_word' id='word_1_298' title='bbox 1079 3355 1186 3428; x_wconf 87' lang='lat' dir='ltr'><strong>quidem</strong></span> <span class='ocrx_word' id='word_1_299' title='bbox 1197 3359 1264 3411; x_wconf 86' lang='lat' dir='ltr'><strong>bene</strong></span> <span class='ocrx_word' id='word_1_300' title='bbox 1273 3375 1356 3420; x_wconf 63' lang='lat' dir='ltr'><strong>nexu</strong></span> <span class='ocrx_word' id='word_1_301' title='bbox 1368 3359 1452 3411; x_wconf 78' lang='lat' dir='ltr'><strong>loteor</strong></span> <span class='ocrx_word' id='word_1_302' title='bbox 1556 3419 1560 3428; x_wconf 37' lang='grc' dir='ltr'>Ι</span> 
     </span>
    </p>
   </div>
   <div class='ocr_carea' id='block_1_7' title="bbox 379 3437 1454 3848">
    <p class='ocr_par' dir='ltr' id='par_1_7' title="bbox 379 3437 1453 3595">
     <span class='ocr_line' id='line_1_33' title="bbox 379 3437 1453 3514; baseline 0.005 -24"><span class='ocrx_word' id='word_1_303' title='bbox 379 3450 486 3501; x_wconf 88' lang='lat' dir='ltr'><strong>tamen,</strong></span> <span class='ocrx_word' id='word_1_304' title='bbox 500 3449 585 3490; x_wconf 89' lang='lat' dir='ltr'><strong>totum</strong></span> <span class='ocrx_word' id='word_1_305' title='bbox 600 3439 689 3492; x_wconf 90' lang='lat' dir='ltr'><strong>locum</strong></span> <span class='ocrx_word' id='word_1_306' title='bbox 702 3439 763 3494; x_wconf 91' lang='lat' dir='ltr'><strong>ideo</strong></span> <span class='ocrx_word' id='word_1_307' title='bbox 777 3458 832 3492; x_wconf 87' lang='lat' dir='ltr'><strong>non</strong></span> <span class='ocrx_word' id='word_1_308' title='bbox 845 3439 963 3512; x_wconf 86' lang='lat' dir='ltr'><strong>placere,</strong></span> <span class='ocrx_word' id='word_1_309' title='bbox 976 3437 1050 3510; x_wconf 85' lang='lat' dir='ltr'><strong>quod</strong></span> <span class='ocrx_word' id='word_1_310' title='bbox 1062 3439 1153 3512; x_wconf 73' lang='lat' dir='ltr'><strong>regina</strong></span> <span class='ocrx_word' id='word_1_311' title='bbox 1171 3459 1254 3513; x_wconf 80' lang='lat' dir='ltr'><strong>euque</strong></span> <span class='ocrx_word' id='word_1_312' title='bbox 1268 3439 1408 3514; x_wconf 67' lang='lat' dir='ltr'><strong>prandere</strong></span> <span class='ocrx_word' id='word_1_313' title='bbox 1421 3459 1453 3495; x_wconf 82' lang='lat' dir='ltr'><strong>ert</strong></span> 
     </span>
     <span class='ocr_line' id='line_1_34' title="bbox 380 3521 1068 3595; baseline -0.003 -19"><span class='ocrx_word' id='word_1_314' title='bbox 380 3521 462 3576; x_wconf 81' lang='grc' dir='ltr'><strong>ιιιίιιιί</strong></span> <span class='ocrx_word' id='word_1_315' title='bbox 476 3523 604 3575; x_wconf 72' lang='lat' dir='ltr'><strong>sententia</strong></span> <span class='ocrx_word' id='word_1_316' title='bbox 616 3523 678 3576; x_wconf 82' lang='lat' dir='ltr'><strong>talia</strong></span> <span class='ocrx_word' id='word_1_317' title='bbox 689 3523 807 3595; x_wconf 83' lang='lat' dir='ltr'><strong>profiteri</strong></span> <span class='ocrx_word' id='word_1_318' title='bbox 819 3523 863 3576; x_wconf 82' lang='lat' dir='ltr'><strong>vin</strong></span> <span class='ocrx_word' id='word_1_319' title='bbox 871 3521 943 3576; x_wconf 89' lang='lat' dir='ltr'><strong>credi</strong></span> <span class='ocrx_word' id='word_1_320' title='bbox 953 3533 1043 3594; x_wconf 85' lang='lat' dir='ltr'><strong>queat.</strong></span> <span class='ocrx_word' id='word_1_321' title='bbox 1056 3549 1068 3568; x_wconf 76' lang='grc' dir='ltr'><strong>ι</strong></span> 
     </span>
    </p>

    <p class='ocr_par' dir='ltr' id='par_1_8' title="bbox 380 3607 1454 3848">
     <span class='ocr_line' id='line_1_35' title="bbox 416 3607 1454 3680; baseline 0.002 -22"><span class='ocrx_word' id='word_1_322' title='bbox 416 3611 489 3659; x_wconf 81' lang='lat' dir='ltr'><strong>Nune</strong></span> <span class='ocrx_word' id='word_1_323' title='bbox 499 3607 608 3661; x_wconf 82' lang='lat' dir='ltr'><strong>omnino</strong></span> <span class='ocrx_word' id='word_1_324' title='bbox 621 3607 799 3664; x_wconf 87' lang='lat' dir='ltr'><strong>retinendum.</strong></span> <span class='ocrx_word' id='word_1_325' title='bbox 817 3611 911 3659; x_wconf 66' lang='lat' dir='ltr'><strong>ruisset</strong></span> <span class='ocrx_word' id='word_1_326' title='bbox 923 3625 973 3678; x_wconf 87' lang='lat' dir='ltr'><strong>pro</strong></span> <span class='ocrx_word' id='word_1_327' title='bbox 989 3609 1074 3671; x_wconf 71' lang='lat' dir='ltr'><strong>fimet:</strong></span> <span class='ocrx_word' id='word_1_328' title='bbox 1092 3607 1128 3660; x_wconf 78' lang='lat' dir='ltr'><strong>tio</strong></span> <span class='ocrx_word' id='word_1_329' title='bbox 1142 3625 1208 3680; x_wconf 77' lang='lat' dir='ltr'><strong>repe</strong></span> <span class='ocrx_word' id='word_1_330' title='bbox 1219 3619 1337 3680; x_wconf 88' lang='lat' dir='ltr'><strong>tempora</strong></span> <span class='ocrx_word' id='word_1_331' title='bbox 1351 3619 1454 3662; x_wconf 82' lang='lat' dir='ltr'><strong>mutant</strong></span> 
     </span>
     <span class='ocr_line' id='line_1_36' title="bbox 380 3689 1454 3764; baseline 0.002 -22"><span class='ocrx_word' id='word_1_332' title='bbox 380 3701 482 3762; x_wconf 80' lang='lat' dir='ltr'><strong>poetar,</strong></span> <span class='ocrx_word' id='word_1_333' title='bbox 494 3707 542 3744; x_wconf 88' lang='lat' dir='ltr'><strong>uec</strong></span> <span class='ocrx_word' id='word_1_334' title='bbox 556 3692 672 3764; x_wconf 72' lang='lat' dir='ltr'><strong>syntaxis</strong></span> <span class='ocrx_word' id='word_1_335' title='bbox 681 3711 784 3764; x_wconf 76' lang='lat' dir='ltr'><strong>uempm</strong></span> <span class='ocrx_word' id='word_1_336' title='bbox 797 3691 917 3744; x_wconf 87' lang='lat' dir='ltr'><strong>meminit</strong></span> <span class='ocrx_word' id='word_1_337' title='bbox 931 3689 1043 3744; x_wconf 72' lang='lat' dir='ltr'><strong>aflectui</strong></span> <span class='ocrx_word' id='word_1_338' title='bbox 1054 3707 1062 3754; x_wconf 69' lang='grc' dir='ltr'>ς</span> <span class='ocrx_word' id='word_1_339' title='bbox 1075 3697 1202 3763; x_wconf 75' lang='lat' dir='ltr'><strong>preterea</strong></span> <span class='ocrx_word' id='word_1_340' title='bbox 1212 3711 1279 3746; x_wconf 73' lang='lat' dir='ltr'><strong>nuno</strong></span> <span class='ocrx_word' id='word_1_341' title='bbox 1290 3709 1351 3746; x_wconf 87' lang='lat' dir='ltr'><strong>cum</strong></span> <span class='ocrx_word' id='word_1_342' title='bbox 1366 3695 1454 3744; x_wconf 73' lang='lat' dir='ltr'><strong>uentus</strong></span> 
     </span>
     <span class='ocr_line' id='line_1_37' title="bbox 380 3772 1189 3848; baseline 0.002 -23"><span class='ocrx_word' id='word_1_343' title='bbox 380 3785 434 3827; x_wconf 87' lang='lat' dir='ltr'><strong>tam</strong></span> <span class='ocrx_word' id='word_1_344' title='bbox 450 3785 512 3846; x_wconf 83' lang='lat' dir='ltr'><strong>apte</strong></span> <span class='ocrx_word' id='word_1_345' title='bbox 531 3775 716 3848; x_wconf 76' lang='lat' dir='ltr'><strong>conjungitur,</strong></span> <span class='ocrx_word' id='word_1_346' title='bbox 726 3787 755 3828; x_wconf 90' lang='lat' dir='ltr'><strong>ut</strong></span> <span class='ocrx_word' id='word_1_347' title='bbox 765 3813 772 3838; x_wconf 86' lang='lat'>‚</span> <span class='ocrx_word' id='word_1_348' title='bbox 783 3775 805 3828; x_wconf 79' lang='lat' dir='ltr'><strong>ei</strong></span> <span class='ocrx_word' id='word_1_349' title='bbox 817 3772 1033 3840; x_wconf 48' lang='lat' dir='ltr'><strong>mudum</strong></span> <span class='ocrx_word' id='word_1_350' title='bbox 1045 3773 1189 3829; x_wconf 85' lang='lat' dir='ltr'><strong>rideretur.</strong></span> 
     </span>
    </p>
   </div>
   <div class='ocr_carea' id='block_1_8' title="bbox 415 3937 1119 4100">
    <p class='ocr_par' dir='ltr' id='par_1_9' title="bbox 415 3937 1119 4100">
     <span class='ocr_line' id='line_1_38' title="bbox 415 3937 1119 4004; baseline 0 -16"><span class='ocrx_word' id='word_1_351' title='bbox 415 3943 448 3992; x_wconf 82' lang='lat' dir='ltr'><strong>V.</strong></span> <span class='ocrx_word' id='word_1_352' title='bbox 464 3937 520 3992; x_wconf 79' lang='lat'>188.</span> <span class='ocrx_word' id='word_1_353' title='bbox 531 3941 601 3990; x_wconf 79' lang='lat' dir='ltr'><strong>Illius</strong></span> <span class='ocrx_word' id='word_1_354' title='bbox 611 3941 707 3990; x_wconf 78' lang='lat' dir='ltr'><strong>adversi</strong></span> <span class='ocrx_word' id='word_1_355' title='bbox 719 3957 783 3989; x_wconf 80' lang='lat' dir='ltr'><strong>nunc</strong></span> <span class='ocrx_word' id='word_1_356' title='bbox 796 3957 841 3988; x_wconf 85' lang='lat' dir='ltr'><strong>ora</strong></span> <span class='ocrx_word' id='word_1_357' title='bbox 851 3951 964 4004; x_wconf 82' lang='lat' dir='ltr'><strong>petamus</strong></span> <span class='ocrx_word' id='word_1_358' title='bbox 975 3951 1000 3987; x_wconf 85' lang='lat' dir='ltr'><strong>et</strong></span> <span class='ocrx_word' id='word_1_359' title='bbox 1011 3938 1119 3995; x_wconf 78' lang='lat' dir='ltr'><strong>undam,</strong></span> 
     </span>
     <span class='ocr_line' id='line_1_39' title="bbox 533 4021 1043 4100; baseline -0.002 -30"><span class='ocrx_word' id='word_1_360' title='bbox 533 4025 594 4088; x_wconf 73' lang='lat' dir='ltr'><strong>Qum</strong></span> <span class='ocrx_word' id='word_1_361' title='bbox 604 4025 669 4073; x_wconf 81' lang='lat' dir='ltr'><strong>latus</strong></span> <span class='ocrx_word' id='word_1_362' title='bbox 679 4025 704 4072; x_wconf 83' lang='lat' dir='ltr'><strong>in</strong></span> <span class='ocrx_word' id='word_1_363' title='bbox 719 4025 803 4074; x_wconf 71' lang='lat' dir='ltr'><strong>lovum</strong></span> <span class='ocrx_word' id='word_1_364' title='bbox 814 4022 887 4088; x_wconf 82' lang='lat' dir='ltr'><strong>ponti</strong></span> <span class='ocrx_word' id='word_1_365' title='bbox 899 4021 974 4070; x_wconf 81' lang='lat' dir='ltr'><strong>cadit.</strong></span> <span class='ocrx_word' id='word_1_366' title='bbox 1039 4089 1043 4100; x_wconf 25' lang='lat' dir='ltr'><em>t</em></span> 
     </span>
    </p>
   </div>
   <div class='ocr_carea' id='block_1_9' title="bbox 364 4131 1458 4380">
    <p class='ocr_par' dir='ltr' id='par_1_10' title="bbox 364 4131 1458 4380">
     <span class='ocr_line' id='line_1_40' title="bbox 364 4131 1457 4211; baseline 0.001 -20"><span class='ocrx_word' id='word_1_367' title='bbox 364 4131 367 4138; x_wconf 61' lang='grc'>’</span> <span class='ocrx_word' id='word_1_368' title='bbox 381 4139 419 4191; x_wconf 82' lang='lat' dir='ltr'><strong>Ex</strong></span> <span class='ocrx_word' id='word_1_369' title='bbox 436 4137 564 4192; x_wconf 85' lang='lat' dir='ltr'><strong>Colchide</strong></span> <span class='ocrx_word' id='word_1_370' title='bbox 576 4158 668 4192; x_wconf 77' lang='lat' dir='ltr'><strong>versus</strong></span> <span class='ocrx_word' id='word_1_371' title='bbox 682 4139 802 4211; x_wconf 79' lang='lat' dir='ltr'><strong>Cyaneos</strong></span> <span class='ocrx_word' id='word_1_372' title='bbox 815 4138 998 4211; x_wconf 75' lang='lat' dir='ltr'><strong>navigantibus</strong></span> <span class='ocrx_word' id='word_1_373' title='bbox 1011 4157 1095 4210; x_wconf 88' lang='lat' dir='ltr'><strong>quum</strong></span> <span class='ocrx_word' id='word_1_374' title='bbox 1110 4139 1176 4191; x_wconf 81' lang='lat' dir='ltr'><strong>Ister</strong></span> <span class='ocrx_word' id='word_1_375' title='bbox 1190 4137 1225 4192; x_wconf 87' lang='lat' dir='ltr'><strong>ad</strong></span> <span class='ocrx_word' id='word_1_376' title='bbox 1237 4139 1358 4192; x_wconf 79' lang='lat' dir='ltr'><strong>dextram</strong></span> <span class='ocrx_word' id='word_1_377' title='bbox 1373 4151 1457 4203; x_wconf 70' lang='lat' dir='ltr'><strong>caret,</strong></span> 
     </span>
     <span class='ocr_line' id='line_1_41' title="bbox 381 4221 1456 4294; baseline 0.004 -22"><span class='ocrx_word' id='word_1_378' title='bbox 381 4234 451 4275; x_wconf 86' lang='lat' dir='ltr'><strong>recte</strong></span> <span class='ocrx_word' id='word_1_379' title='bbox 476 4233 551 4292; x_wconf 84' lang='lat' dir='ltr'><strong>putat</strong></span> <span class='ocrx_word' id='word_1_380' title='bbox 576 4222 759 4288; x_wconf 75' lang='lat' dir='ltr'><strong>Burmannus,</strong></span> <span class='ocrx_word' id='word_1_381' title='bbox 781 4241 859 4294; x_wconf 89' lang='lat' dir='ltr'><strong>quem</strong></span> <span class='ocrx_word' id='word_1_382' title='bbox 885 4222 1005 4293; x_wconf 79' lang='lat' dir='ltr'><strong>sequitur</strong></span> <span class='ocrx_word' id='word_1_383' title='bbox 1024 4232 1052 4274; x_wconf 88' lang='lat' dir='ltr'><strong>et</strong></span> <span class='ocrx_word' id='word_1_384' title='bbox 1068 4221 1133 4274; x_wconf 88' lang='lat' dir='ltr'><strong>citat</strong></span> <span class='ocrx_word' id='word_1_385' title='bbox 1152 4223 1317 4293; x_wconf 78' lang='lat' dir='ltr'><strong>Wagnerue,</strong></span> <span class='ocrx_word' id='word_1_386' title='bbox 1336 4221 1381 4278; x_wconf 90' lang='lat' dir='ltr'><strong>hic</strong></span> <span class='ocrx_word' id='word_1_387' title='bbox 1401 4243 1456 4277; x_wconf 90' lang='lat' dir='ltr'><strong>uon</strong></span> 
     </span>
     <span class='ocr_line' id='line_1_42' title="bbox 384 4303 1458 4380; baseline 0.005 -23"><span class='ocrx_word' id='word_1_388' title='bbox 384 4304 480 4376; x_wconf 82' lang='lat' dir='ltr'><strong>rcrpici</strong></span> <span class='ocrx_word' id='word_1_389' title='bbox 493 4303 573 4358; x_wconf 79' lang='lat' dir='ltr'><strong>titum</strong></span> <span class='ocrx_word' id='word_1_390' title='bbox 586 4306 661 4360; x_wconf 77' lang='lat' dir='ltr'><strong>naria</strong></span> <span class='ocrx_word' id='word_1_391' title='bbox 675 4316 720 4358; x_wconf 86' lang='lat' dir='ltr'><strong>aut</strong></span> <span class='ocrx_word' id='word_1_392' title='bbox 732 4308 960 4378; x_wconf 78' lang='lat' dir='ltr'><strong>Argonautarum,</strong></span> <span class='ocrx_word' id='word_1_393' title='bbox 974 4304 1020 4359; x_wconf 82' lang='lat' dir='ltr'><strong>ted</strong></span> <span class='ocrx_word' id='word_1_394' title='bbox 1039 4325 1070 4359; x_wconf 77' lang='lat' dir='ltr'><strong>er</strong></span> <span class='ocrx_word' id='word_1_395' title='bbox 1084 4305 1219 4359; x_wconf 83' lang='lat' dir='ltr'><strong>communi</strong></span> <span class='ocrx_word' id='word_1_396' title='bbox 1237 4323 1312 4360; x_wconf 89' lang='lat' dir='ltr'><strong>more</strong></span> <span class='ocrx_word' id='word_1_397' title='bbox 1330 4307 1458 4380; x_wconf 89' lang='lat' dir='ltr'><strong>loquendi</strong></span> 
     </span>
    </p>
   </div>
   <div class='ocr_carea' id='block_1_10' title="bbox 0 0 1618 5138">
    <p class='ocr_par' dir='ltr' id='par_1_11' title="bbox 0 0 1618 5138">
     <span class='ocr_line' id='line_1_43' title="bbox 0 0 1618 5138; baseline 0 0"><span class='ocrx_word' id='word_1_398' title='bbox 0 0 1618 5138; x_wconf 95' lang='lat' dir='ltr'><strong> </strong></span> 
     </span>
    </p>
   </div>
  </div>
 </body>
</html>
